2072 3068
146 190 196 244 nnn
386 191 437 238 nc
455 189 695 260 nnrrnrlcnr

376 563 533 621 CAPUT
569 565 713 623 XXXV·

172 699 251 764 Quod
268 717 321 752 non
340 708 380 750 eet
396 699 524 751 securiter
543 717 560 751 a
578 701 725 752 tentatione
743 701 771 751 in
791 675 842 754 dne
855 702 923 756 cita.
1023 759 1025 774 i

198 879 223 930 1.
241 854 315 936 Fni,
338 891 476 943 nunqnam
494 891 607 930 securus
632 891 662 926 ee
680 875 708 925 in
727 841 780 928 lnac
797 877 868 940 vita,
892 877 946 930 sed
967 861 972 869 ⁶
1023 853 1025 922 ἶ

149 961 241 1031 quoad
251 962 366 1024 vixeris,
381 977 490 1030 semper
505 976 582 1014 arma
592 959 747 1033 spiritualia
755 960 807 1011 tibi
819 965 884 1012 sunt
896 977 945 1012 ne·

149 1047 279 1098 cessaria.
313 1046 389 1098 Inter
397 1045 492 1098 hostes
502 1046 635 1107 versaris,
651 1049 679 1095 et
694 1059 711 1094 a
721 1043 826 1096 dextris
841 1049 870 1096 et
881 1058 898 1094 e
908 1046 946 1095 si-

147 1131 240 1182 nistris
249 1131 429 1198 impugnaris.
453 1130 484 1182 Si
493 1145 560 1198 ergo
571 1144 626 1181 non
635 1129 722 1179 uteris
732 1127 852 1195 undique
863 1135 945 1180 ceute
1024 1159 1025 1166 κ

146 1216 306 1279 patientiae,
316 1230 372 1265 non
382 1216 436 1266 eris
447 1214 563 1278 diusine
573 1213 695 1271 vulnere.
718 1211 842 1278 Insuper,
852 1212 946 1264 sinon

146 1300 226 1366 ponis
237 1313 287 1353 cer
295 1304 372 1349 tuum
381 1298 435 1348 fixe
444 1299 473 1348 in
481 1313 526 1350 me
537 1312 598 1348 cnm
607 1310 685 1348 mera
694 1295 835 1346 voluntate
846 1302 947 1348 cuncta

101 1419 105 1424 -
146 1381 270 1448 patiendi
279 1387 461 1448 prepterme,
482 1397 537 1431 non
547 1381 652 1446 poteris
668 1379 797 1430 arderem
805 1381 889 1430 istum
899 1395 945 1442 eu·

147 1465 249 1514 etinere
259 1478 311 1515 nec
320 1463 355 1513 ad
365 1465 484 1530 palmam
488 1465 807 1531 pertingerebeatorum.
825 1463 947 1528 Oportet

145 1554 174 1598 te
190 1561 257 1620 ergo
272 1545 390 1598 viriliter
405 1548 498 1598 omnia
511 1549 680 1613 pertransire
698 1553 726 1599 et
739 1547 846 1614 petenti
860 1562 945 1599 manu

145 1631 187 1681 uti
197 1631 328 1688 adversus
340 1631 458 1698 objecta.
493 1631 565 1682 Nam
574 1633 693 1683 vincenti
705 1632 786 1682 detnr
795 1647 904 1695 manna,
916 1639 954 1688 et,

145 1716 268 1786 torpenti
276 1715 442 1785 relinquitur
450 1715 538 1767 multa
547 1715 668 1768 miseria.
877 1712 879 1716 ’

190 1819 222 1869 ’2.
241 1817 271 1872 Si
281 1819 393 1885 quaeris
403 1818 432 1868 in
442 1814 561 1877 haurite
573 1817 712 1884 requiem,
729 1818 947 1885 quomodetunc

146 1903 291 1968 pervenies
311 1903 347 1954 ed
365 1907 507 1954 aeternam
519 1899 662 1969 requiem?
684 1901 747 1954 Non
762 1917 850 1970 pones
864 1908 893 1954 te
908 1903 947 1956 ad

146 1985 813 2054 multemrequiemsedadmegnampctientiarn.
834 1987 947 2048 Quaere

147 2085 352 2136 verampecem,
359 2085 414 2120 nen
424 2071 551 2134 interris,
559 2069 609 2122 sed
617 2071 646 2120 in
657 2069 752 2132 ecelis,
759 2087 814 2121 non
823 2071 851 2122 in
857 2069 946 2135 homi·

147 2154 227 2204 nibue
237 2155 326 2204 necin
336 2155 454 2204 caeteris
465 2157 609 2216 creaturis,
620 2153 708 2210 sedin
717 2155 779 2205 Dec
790 2154 861 2206 solo.
888 2153 945 2204 Pro

148 2237 305 2288 amereDei
315 2236 400 2288 debes
411 2238 504 2289 omnia
513 2238 632 2290 libenter
641 2239 743 2300 subire,
750 2238 861 2289 labores
871 2238 947 2290 scili·

72 2317 75 2322 “
149 2324 194 2370 cet
209 2323 237 2370 et
251 2318 378 2382 doleres,
394 2321 576 2383 tentationes,
590 2323 765 2384 vexationes,
780 2312 946 2386 anxietates,

99 2402 102 2413 '
150 2403 947 2477 neceesitntee,infirmitates,injuriae,oblocutionee,re-

150 2485 359 2554 prehensionee,
370 2488 586 2550 humiliationes,
597 2487 785 2550 confusiones,
796 2488 948 2540 correctio·

151 2587 200 2622 nes
212 2577 240 2622 et
250 2571 450 2636 despectiones.
486 2572 565 2622 Haec
573 2571 670 2637 juvant
679 2571 715 2622 ad
724 2572 866 2635 virtutem,
876 2569 948 2624 haec

151 2656 270 2720 probant
284 2653 387 2706 Christi
404 2656 536 2716 tironem,
555 2653 626 2704 haec
638 2653 776 2706 fabricent
793 2656 946 2708 coelestem

153 2752 292 2788 coronam.
332 2740 392 2802 Ego
416 2735 532 2788 reddam
554 2737 709 2788 mercedem
733 2745 874 2790 aeternam
893 2754 945 2802 pro
