2072 3068
163 227 213 276 sia
401 199 451 268 ris:
471 203 707 266 mmmmm
735 223 737 226 ·

412 459 580 520 CAPUT
610 459 706 518 xxi.

247 583 326 649 Quod
342 583 370 633 ia
390 579 448 632 Dea
467 564 654 647 raper'omm'a
672 579 742 630 lena
761 583 787 628 et
807 578 891 639 dona

422 665 633 732 requiescendum
652 671 698 714 est.

217 844 241 892 l.
262 821 358 907 Super
367 839 460 891 emnia
469 845 498 891 et
505 841 534 890 in
544 840 669 892 omnibus
678 841 850 907 requiesces,
865 839 957 890 anima

167 943 240 993 mea,
250 930 278 979 in
288 927 407 989 Demipo
418 941 540 994 semper,
550 927 616 994 qula
624 927 684 993 ipse
694 925 857 978 Sanctorum
867 931 956 978 aeter·
1006 948 1009 956 ·

165 1026 201 1086 pa
218 1013 337 1081 requies.
375 1011 421 1063 Da
438 1008 517 1074 nrihi,
542 1009 698 1062 dulcissime
722 1015 751 1062 et
769 1011 956 1060 amantissime

165 1095 307 1158 lesu,inte
317 1109 400 1162 super
409 1093 957 1160 emnemereaturamrequieseere,super

167 1193 274 1230 ominem
283 1179 400 1231 salutem
411 1177 680 1245 etpulehritudinem‚
686 1191 769 1245 super
779 1191 888 1228 omnem
898 1177 956 1243 gle-

88 1281 91 1292 ·
166 1263 236 1314 riam
247 1271 275 1314 et
283 1261 425 1325 honorem,
432 1277 515 1330 super
525 1276 632 1314 omnem
642 1262 794 1329 potentiam
803 1267 831 1311 et
840 1260 957 1328 dignita·

166 1353 237 1408 tem,·
252 1361 335 1412 super
350 1361 458 1396 omnem
467 1346 611 1397 seientiam
626 1352 654 1397 et
667 1344 860 1406 subtilitatem,
876 1355 959 1409 super

169 1443 263 1481 omnes
274 1428 384 1479 divitias
395 1434 423 1478 et
432 1434 515 1490 artes,
522 1443 605 1494 super
615 1441 722 1482 omnem
729 1429 865 1480 laetitiam
874 1435 904 1480 st
913 1441 957 1479 ex-

167 1513 357 1574 sultationem,
374 1525 457 1577 super
466 1527 575 1562 emnem
584 1511 686 1564 famam
700 1513 861 1575 atlaudem,
875 1526 958 1578 super

168 1609 277 1646 omnem
290 1595 453 1646 suavitatem
468 1602 496 1646 et
510 1595 741 1660 consolationem,
756 1612 839 1662 super
850 1611 958 1648 omnem

168 1692 245 1745 spem
256 1684 283 1729 et
292 1681 516 1744 promissionem,
531 1695 614 1747 super
624 1694 704 1732 omne
713 1681 841 1732 meritum
850 1687 879 1731 et
888 1681 958 1732 (lesi-

168 1759 958 1832 derium,superomniailonaetmunera,quaepotesdare

168 1853 197 1899 et
209 1843 368 1910 infundere,
383 1863 467 1914 super
481 1863 561 1901 omne
571 1839 702 1917 gaudium
717 1854 745 1900 et
755 1847 957 1914 jubilationem,

167 1937 439 1999 quampotest'mens
454 1947 554 2000 capere
570 1939 599 1986 et
612 1933 728 1994 sentire,
743 1930 860 1997 denique
874 1947 958 1999 super

167 2017 285 2082 Angelos
301 2022 329 2068 et
341 2015 530 2084 Archangelos
545 2023 574 2069 et
586 2031 669 2083 super
683 2028 790 2066 emnem
806 2016 956 2066 exereitum
970 2053 972 2064 .

166 2101 250 2163 coeli,
270 2115 353 2167 super
371 2101 464 2151 emnia
477 2101 598 2153 visibilia
617 2106 645 2151 et
659 2098 809 2150 invisibilia
828 2104 855 2150 et
873 2114 955 2166 super

165 2200 254 2246 (smne,
265 2183 339 2250 quod
348 2189 378 2234 tu
387 2184 464 2236 Deus
474 2200 550 2236 meus
560 2199 615 2235 nen
625 2198 664 2235 es.

212 2269 237 2316 2.
259 2266 584 2330 Quiatts‚DomineDeus
594 2281 680 2330 meus,
691 2278 773 2334 super
783 2267 876 2318 omnia
886 2267 953 2333 opti·

163 2365 223 2400 mus
237 2365 282 2412 es,
296 2356 327 2402 tu
341 2351 417 2402 solus
433 2351 596 2413 altissimus,
610 2355 641 2400 tu
650 2350 726 2413 polus
737 2350 952 2417 potentissimus,

162 2441 193 2484 tu
212 2432 288 2496 solus
307 2434 553 2486 sufficientissimus
573 2439 601 2484 et
618 2432 806 2500 plenissimus,
828 2437 859 2483 tu
878 2432 953 2484 solus

161 2513 339 2566 suavissimus
351 2520 379 2566 et
387 2513 661 2576 solatiosissimus,tu
671 2515 747 2568 selus
754 2513 951 2582 pulcherrimus

164 2603 192 2649 et
201 2597 412 2661 amantissimus,
424 2584 540 2649 tusolus
550 2597 737 2663 nobilissimus
748 2605 776 2652 et
784 2600 951 2667 gloriosissi·

164 2697 223 2732 mus
238 2695 322 2745 super
337 2681 440 2731 omnia:
459 2681 487 2732 in
503 2696 557 2748 quo
573 2684 754 2734 eunomiana
764 2669 845 2736 simul
855 2689 950 2752 etper·

162 2762 234 2814 lecte
249 2769 312 2813 sunt
326 2769 355 2815 et
367 2778 476 2830 semper
490 2762 603 2817 luerunt
619 2771 647 2818 et
662 2773 748 2819 erunt.
784 2769 873 2836 Atque
886 2769 949 2822 ideo
