2084 3064
11 1 45 257 [
238 197 396 244 clllllS‘l'i
429 199 496 245 ιη.
513 201 556 245 lv.
574 202 649 246 css.
667 205 690 248 9.
812 205 862 255 221

59 313 175 368 militer
189 325 224 364 ea
238 311 394 364 confitendo
409 318 438 364 et
450 311 627 366 lamentando
642 318 671 366 ct
683 320 757 367 tuam
770 321 863 387 propi·

59 395 217 460 tinticnem
239 396 412 448 incessanter
434 396 626 463 deprecando!
659 397 802 464 Deprecor
824 408 862 466 te,
899 447 907 456 ,

59 479 223 532 exaudime
233 479 379 546 propitius,
389 481 436 532 ubi
447 479 527 533 sdstc
538 495 632 533 cerem
641 487 679 545 te,
689 484 765 536 Deus
775 501 861 538 meus.

60 563 169 616 Omnis
177 567 293 629 peccata
301 577 364 614 mea
373 562 440 616 mihi
449 566 567 617 maxime
578 566 736 637 displicent,
749 568 815 620 nolo
827 583 861 620 ee

60 661 188 716 unquam
198 646 314 713 emplius
323 652 493 713 perpetiere,
509 649 558 700 sed
567 665 617 716 pro
628 651 669 702 eis
679 651 762 703 deleo
774 657 803 703 et
811 652 860 704 do·

61 733 140 794 lebo,
151 728 282 798 quamdiu
290 730 396 794 vixero,
407 739 520 798 perenis
530 735 727 799 poenitentiam
737 749 821 804 egere
832 743 860 788 et

61 831 115 883 pro
126 829 211 882 posse
220 813 393 868 asdsfscsre.
428 817 544 869 Dimitte
553 815 634 882 mihi,
646 819 738 883 Deus,
753 820 859 872 dimitte

62 898 134 951 mihi
152 903 268 965 peccata
285 913 361 962 mee,
379 905 495 967 propter
512 915 612 952 nomen
630 909 754 955 sanctum
769 910 859 967 mmm
898 897 903 908 '

61 984 144 1036 salve
154 979 272 1034 animam
281 997 381 1047 mecm,
390 997 472 1052 quem
481 985 604 1051 pretioso
615 988 748 1054 sangnine
758 994 806 1040 tuo
815 1004 858 1040 re·
881 988 884 997 ’

62 1068 186 1132 demisti.
221 1066 303 1130 Ecce,
313 1069 454 1120 committo
464 1083 509 1120 me
518 1069 727 1122 misericordiae
736 1077 860 1134 meere·

63 1154 147 1220 signo
160 1152 412 1204 memenibustuis.
447 1153 516 1220 Age
533 1167 659 1206 mecum
676 1155 859 1207 secundum

65 1237 257 1288 benitatem
274 1241 378 1296 tuan,
394 1249 459 1286 non
476 1237 657 1289 secundum
674 1252 779 1290 mecm
796 1253 858 1290 ma·

63 1322 178 1372 litium
197 1325 230 1372 et
246 1319 474 1386 iniquitatem.

11 1455 12 1462 ,
116 1414 141 1465 l.
161 1411 257 1465 offero
277 1413 360 1464 etiem
378 1414 429 1465 tibi
448 1414 541 1464 omnis
553 1413 629 1466 bone
641 1427 718 1478 mee,
734 1417 857 1482 quamvis
881 1430 884 1435 ’

11 1555 12 1584 ᾗ
64 1498 146 1550 valde
158 1512 246 1564 penca
261 1503 289 1548 et
302 1497 479 1566 imperfecta,
494 1503 566 1551 nttu
576 1510 610 1552 ee
620 1499 748 1552 emendes
759 1507 858 1553 etsen-

11 1599 12 1602 ’
65 1584 185 1646 ctifices3
203 1587 234 1634 ut
248 1597 282 1634 ea
295 1589 377 1650 grate
386 1582 490 1636 hebens
504 1589 534 1634 et
548 1590 663 1650 accepts
671 1585 722 1637 tlbi
732 1584 820 1637 facies
831 1591 859 1637 et

65 1681 176 1732 semper
186 1665 220 1715 nd
229 1665 347 1717 meliore
355 1665 460 1730 trahes,
467 1682 519 1724 nec
527 1683 583 1718 non
592 1667 629 1718 cd
637 1668 748 1720 metum
759 1683 792 1722 ec
800 1670 858 1720 leu-

65 1750 187 1804 debilem
196 1747 278 1799 finem
291 1762 335 1800 sne
347 1751 455 1817 pigrum
471 1757 499 1801 et
511 1750 636 1801 inutilem
648 1747 857 1804 homuncionem

64 1833 210 1904 perduces.

117 1919 142 1969 5.
161 1914 256 1968 Offerc
272 1929 382 1982 quoque
397 1915 449 1966 tibi
462 1919 556 1968 omnia
569 1918 616 1985 pie
626 1916 766 1970 desideria
775 1918 858 1970 devo·

65 2009 170 2064 torum,
185 2000 366 2052 necessitates
379 2005 536 2065 parentum,
552 2002 717 2063 emisenum,
731 1999 857 2063 matrum,

65 2100 205 2149 sororum,
222 2083 396 2150 omninunque
411 2097 538 2136 carorum
551 2099 689 2146 meorum,
708 2091 856 2146 eteorum,

67 2171 114 2237 qui
122 2167 189 2220 mihi
198 2168 243 2222 vel
252 2166 856 2235 eliisprcpteremcremtuumbenefecerunt,

68 2255 151 2320 etqui
161 2252 301 2306 crationes
311 2253 448 2305 etmissns
458 2267 508 2318 prc
519 2267 550 2304 se
560 2254 671 2320 suisque
682 2252 807 2303 omnibus
817 2251 857 2302 di·

68 2339 93 2390 ci
103 2353 171 2391 ame
181 2337 408 2392 desideraverunt
417 2343 446 2388 et
454 2338 600 2403 petierunt,
610 2337 668 2388 sive
678 2337 706 2386 in
716 2349 798 2388 carne
809 2335 856 2386 sd-

68 2423 229 2486 huevivsnt,
243 2424 301 2475 sive
312 2422 370 2489 jam
381 2422 494 2474 saeculo
505 2420 702 2473 detinetisints
721 2423 752 2470 ut
761 2433 856 2471 omnes

68 2508 119 2572 silsi
129 2507 260 2558 auxilium
269 2507 377 2574 gratiae
386 2512 451 2558 tuae
457 2541 466 2570 ‚
481 2519 561 2572 opem
572 2504 783 2564 consolationis,
794 2518 856 2569 pro·

13 2591 14 2594 ’
68 2593 214 2644 tectionem
224 2589 719 2658 apericulis‚liberetionemdecenis
727 2586 870 2639 advenire,

121 2765 140 2802 s.
156 2757 241 2802 suin.
254 2758 632 2814 sss(us)‚metsm(1es)‚sc
