2084 3064
252 191 410 254 cuursrr
443 191 509 236 ma.
526 173 568 236 lv]
585 177 662 236 'cra
680 193 704 236 1.
826 189 876 240 203

133 308 184 358 11.¹
197 307 219 358 0
230 306 401 358 admirabilis
412 310 440 356 et
450 303 613 356 abscondita
621 307 713 372 gratia
722 319 877 358 sacracrar-

82 394 118 456 ti,
133 405 217 459 quam
226 395 441 442 noruottautum
452 386 554 443 Christi
563 389 675 452 fideles,
689 390 815 442 infideles
830 403 877 440 au-

81 482 140 528 tem
156 481 184 528 et
197 474 319 542 peccatis
334 460 486 526 servientes
499 475 618 540 experiri
628 489 683 524 nou
692 471 819 540 possunt!
847 475 879 527 111

81 559 137 612 hoc
146 563 321 611 sacramento
332 556 474 608 confertur
483 559 635 624 spiritualis
645 559 791 625 gratia,et
798 572 878 624 repa-

81 643 199 695 raturiu
209 643 301 692 anima
310 643 395 692 virtus
407 643 521 705 amissa,
537 647 565 696 ct
573 658 624 710 per
632 649 777 709 peccatum
786 641 878 697 aeor-

11 779 12 782 ,
81 732 159 780 mata
172 725 247 778 redit
259 723 444 794 pulchritudo.
480 713 580 776 Tanta
589 732 632 778 est
646 726 794 793 aliquando
809 723 879 777 haec

83 810 185 878 gratia,
195 815 226 860 ut
235 824 270 861 cx
278 809 448 877 plenitudiue
459 808 579 870 collatae
589 810 744 862 devotionis
754 825 809 862 uon
820 816 878 861 tan-

82 902 142 945 tum
155 909 246 957 mens,
261 893 311 945 sed
327 898 355 945 et
367 893 459 947 debile
472 908 572 960 corpus
582 894 656 948 vires
666 894 720 946 sibi
728 896 878 962 praestitas

11 1033 16 1046 y
83 980 188 1031 sentiat
198 978 355 1045 ampliores.

134 1065 175 1112 12.
194 1052 544 1115 Dolendumtamenralde
559 1068 588 1114 et
600 1061 786 1114 miserandum
795 1077 878 1128 super

12 1205 13 1208 Ἴ
82 1145 228 1213 tepiditate
241 1151 269 1198 et
277 1146 448 1213 negligentia
457 1151 553 1198 nostra
558 1183 566 1210 ,
578 1146 653 1214 quod
663 1161 718 1196 non
726 1147 827 1213 majori
837 1145 877 1196 af·

11 1217 13 1226 ’
82 1229 205 1281 factione
224 1227 359 1282 trahimur
377 1230 413 1280 ad
427 1227 566 1282 Christum
585 1229 755 1294 sumendum,
774 1231 803 1281 in
822 1245 876 1298 quo

11 1363 12 1366 ,
81 1319 143 1366 tota
161 1328 225 1379 spes
244 1314 439 1366 salvandorum
457 1313 584 1365 consistit
602 1320 631 1366 et
643 1297 780 1368 meritum.
814 1315 877 1383 Ipse

11 1441 12 1446 ,
84 1399 155 1450 enim
167 1403 211 1449 est
219 1399 401 1450 sanctificatio
412 1403 509 1449 nostra
519 1403 547 1450 et
555 1398 876 1466 redemtimipseconsu-
928 1463 931 1470 r

82 1482 151 1534 latio
162 1483 299 1534 viatorum
309 1488 337 1535 et
346 1487 503 1535 sanctorum
514 1488 629 1536 aeterna
638 1483 744 1536 fruitio.
774 1483 877 1536 Dolen-

83 1566 252 1634 domitaque
262 1568 356 1630 valde,
370 1567 530 1635 quodmulti
539 1574 596 1620 tam
606 1584 703 1636 parum
712 1567 877 1621 hocsaluta-

81 1665 114 1706 re
132 1651 296 1717 mysterium
314 1651 473 1716 advertunt,
489 1653 563 1720 quod
578 1653 687 1706 coelum
701 1653 836 1706 laetificat
850 1658 879 1706 et

11 1773 13 1792 2
81 1731 214 1786 mundum
224 1739 369 1785 conservat
378 1736 543 1786 universum.
578 1738 642 1788 Heu
658 1738 777 1790 caecitas
793 1744 821 1791 et
830 1739 878 1790 du·

11 1851 13 1876 a
82 1818 151 1871 titia
160 1815 252 1868 cordis
262 1814 385 1879 humani,
394 1822 450 1867 tam
462 1816 604 1871 ineffabile
615 1819 716 1871 donum
725 1836 781 1873 nou
790 1821 879 1888 magis

11 1899 12 1902 ’
84 1900 239 1962 attondere,
251 1905 279 1952 et
289 1914 324 1952 ex
333 1901 495 1967 quotidiano
505 1917 557 1952 usu
568 1904 651 1954 etiam
661 1903 698 1955 ad
706 1904 879 1956 inadverten·

11 2019 12 2028 κ
83 1989 153 2040 tiam
162 1982 298 2037 defluere!

11 2131 12 2146 χ
136 2071 178 2122 13.
197 2069 228 2124 Si
247 2070 319 2121 enim
338 2067 392 2121 hoc
412 2039 614 2121 sanctissimum
633 2077 834 2125 sacramentum
851 2073 880 2124 iu

85 2173 140 2233 uno
151 2162 257 2208 tautum
268 2155 456 2208 celebraretur
465 2154 528 2206 loco
545 2158 573 2206 et
587 2155 621 2206 ab
636 2170 691 2207 uuo
701 2161 807 2206 tantum
817 2171 880 2208 con-

11 2235 13 2284 ἶ
86 2247 243 2294 sectaretur
259 2239 405 2292 sacerdote
420 2239 446 2288 in
461 2237 576 2290 muodo:
596 2244 698 2306 quanto
713 2245 794 2306 putas
809 2239 880 2296 desi,-
967 2302 971 2307 ¹

86 2327 165 2403 derio
185 2325 221 2377 ad
238 2325 317 2376 illum
335 2323 427 2376 locum
446 2328 474 2375 et
492 2321 528 2374 ad
541 2323 626 2380 talem
637 2323 691 2380 Dei
706 2323 879 2385 sacerdotem

85 2408 211 2462 homiues
231 2409 419 2471 afficerentur,
438 2414 469 2461 ut
482 2407 575 2459 divina
593 2407 727 2474 mysteria
744 2407 880 2468 celebrari

11 2537 13 2548 .
83 2491 227 2546 videreuti
261 2493 340 2546 Nunc
354 2498 446 2545 autem
460 2493 539 2544 multi
553 2491 622 2544 facti
635 2492 879 2556 suntsacardotes,

11 2579 13 2634 Ϊ
85 2584 114 2630 et
126 2579 157 2630 in
169 2578 263 2629 multis
277 2578 347 2629 locis
361 2575 478 2628 offertur
492 2575 631 2640 Christus,
650 2583 682 2629 ut
694 2582 772 2630 tanto
788 2567 879 2644 major

11 2735 12 2738 Ἴ
85 2667 220 2728 appareat
228 2662 320 2729 gratia
330 2667 358 2712 et
368 2661 479 2714 dilectio
490 2662 545 2714 Dei
560 2660 596 2712 ad
606 2659 758 2724 hominem,
776 2667 878 2729 quanto

11 2741 12 2746 ’
85 2747 170 2797 latius
185 2753 228 2798 est
242 2760 322 2798 sacra
333 2747 488 2799 commuuio
499 2743 601 2798 diffusa
610 2761 660 2814 per
670 2748 774 2800 orbam.
811 2745 879 2798 Gra·
