2056 3062
202 189 234 241 16
444 191 494 238 DE
512 188 753 238 lustraveris

469 397 627 518 cnPiJT
662 457 725 514 xl.

286 595 329 647 De
350 609 417 662 pace
435 595 597 664 acquirenda
617 594 717 646 etzelo
733 587 906 660 proficiendi.
1007 623 1008 628 =

248 776 273 823 1.
290 753 416 850 Multam
430 788 573 840 possemus
587 789 684 840 pacem
699 771 816 833 habere,
832 769 858 820 si
866 782 926 820 non
942 767 997 820 vel·

199 859 287 913 lomus
310 877 362 914 nos
385 879 446 916 cum
465 866 582 917 aliorum
601 865 681 917 dictis
701 869 729 916 et
746 862 841 925 factis,
866 865 944 929 quae
965 861 996 912 ad

166 992 169 1001 ,
198 951 321 996 nostram
336 961 429 1000 curam
443 963 498 1000 non
511 954 652 1017 spectant,
664 961 807 1014 occupare.
844 945 995 1008 Quomodo

102 1047 106 1052 ·
198 1035 292 1096 potest
304 1029 353 1083 ille
368 1029 414 1082 diu
428 1033 456 1083 in
470 1047 539 1100 pace
553 1047 679 1097 manere,
699 1033 746 1101 qui
760 1029 858 1082 alienis
873 1031 952 1082 curis
966 1045 995 1088 se

197 1115 382 1180 intermiscet,
402 1117 449 1184 qui
464 1119 625 1170 occasiones
639 1108 793 1168 forinsecus
808 1114 932 1182 quaerit,
951 1115 995 1180 qui

198 1212 295 1264 parum
309 1198 354 1252 vel
367 1215 433 1251 raro
444 1216 475 1253 se
489 1203 654 1272 intrinsecus
665 1195 788 1268 colligitt
797 1197 880 1250 Beati
890 1197 994 1263 simpli·

176 1281 183 1290 ‘
199 1295 255 1343 ces,
266 1283 396 1347 quoniam
404 1283 519 1335 multam
527 1298 625 1349 pacem
634 1280 781 1334 habebunt.

248 1381 274 1429 2.
294 1375 387 1441 Quare
398 1380 509 1448 quidam
523 1379 686 1434 Sanctorum
694 1387 750 1432 tarn
764 1381 883 1448 perfecti
894 1385 922 1432 et
933 1397 994 1432 eon·

199 1461 352 1527 templativi
360 1461 488 1515 neruntt
498 1465 570 1526 Quia
580 1465 689 1518 omnino
701 1481 731 1518 se
739 1467 817 1532 ipsos
825 1463 993 1516 mortificare

201 1544 235 1595 ab
251 1546 377 1597 omnibus
390 1550 508 1599 terrenis
523 1547 668 1600 desideriis
687 1549 862 1609 studuerunt,
882 1552 912 1598 et
929 1547 993 1599 ideo

200 1629 266 1678 totis
276 1629 403 1681 medullis
414 1631 505 1682 cordis
514 1631 576 1684 Deo
590 1630 735 1685 inhaerere
746 1639 828 1699 atque
841 1630 932 1682 libere
944 1632 993 1683 sibi

199 1726 299 1764 vacare
309 1718 465 1779 potuerunt.
500 1714 559 1766 Nos
568 1716 681 1767 nimium
695 1729 860 1782 occupamur
874 1717 994 1782 propriis

199 1796 376 1862 passionibus
399 1796 484 1849 etde
507 1800 675 1851 transitoriis
697 1799 777 1850 nimis
801 1798 993 1850 sollicitamur.

199 1880 274 1931 Raro
294 1882 378 1932 etiam
394 1885 478 1932 unum
492 1881 590 1932 vitium
607 1882 731 1949 perfecte
749 1883 891 1943 vincimus,
912 1889 942 1932 et
962 1881 992 1932 ad

200 1963 390 2031 quotidianum
399 1953 614 2031 profectumnon
623 1965 810 2020 accendimur:
821 1964 886 2016 ideo
897 1963 992 2033 frigidi

142 2059 145 2062 ·
199 2047 514 2114 ettepidiremanemus.

248 2147 274 2198 3.
293 2147 325 2200 Si
339 2163 461 2202 essemus
475 2152 636 2217 nobisipsis
650 2149 774 2218 perfecte
787 2150 890 2201 mortui
905 2157 934 2202 et
952 2153 992 2202 iu·

197 2232 283 2282 terius
293 2233 403 2286 minime
412 2236 558 2302 implicati,
572 2240 638 2286 tunc
646 2248 789 2300 possemus
805 2234 889 2285 etiam
898 2224 992 2285 divina

198 2330 297 2382 sapere
308 2323 335 2368 et
345 2318 501 2371 decoelesti
510 2316 741 2383 contemplatione
747 2315 851 2384 aliquid
861 2319 990 2382 experiri.

197 2399 301 2450 Totum
311 2406 339 2453 et
347 2403 494 2453 maximum
503 2398 728 2466 impedimentum
737 2406 792 2462 est,
808 2401 937 2466 quianon
947 2417 990 2453 su·

198 2495 258 2534 nius
268 2487 469 2550 apassionibus
479 2489 508 2534 et
517 2483 745 2548 concupiscentiis
759 2482 855 2546 liberi,
869 2497 920 2534 nec
928 2499 990 2550 per·

125 2571 130 2578 ’
199 2562 301 2616 tectam
315 2567 480 2619 Sanctorum
493 2566 567 2615 viam
581 2579 712 2616 conamur
720 2564 837 2630 ingredi.
873 2565 989 2626 Quando

201 2649 284 2700 etiarn
293 2651 432 2701 modicum
447 2646 622 2697 adversitatis
632 2649 764 2709 occurrit,
779 2649 859 2698 nimis
873 2649 926 2698 cito
944 2648 990 2703 de.

92 2763 113 2767 ἡ
199 2732 311 2799 jicimur
320 2739 348 2783 et
358 2729 536 2782 adhumanas
547 2730 750 2782 consolationes
761 2731 951 2784 convertimur.
