2072 3068
188 177 223 228 ss
366 163 373 172 '
429 177 742 228 omrurrnrioun

189 295 330 346 Ptomittit
339 293 455 345 mundus
466 293 631 360 temporalia
645 299 674 346 et
682 279 782 358 parvo,
793 298 821 346 et
830 293 985 348 sudoro

190 377 322 430 aviditate
335 381 451 446 magum
471 391 524 444 ego
540 377 671 443 promitto
690 391 796 430 summa
816 383 844 428 et
861 383 985 440 aeterna,

191 466 220 512 et
237 466 398 528 torpescunt
415 461 572 512 mortalium
590 459 686 510 corda.
727 459 795 522 Quis
817 466 896 512 tanta
921 475 987 514 curu

190 543 258 596 mihi
275 547 303 596 in
322 545 447 596 omnibus
466 544 552 600 servit
570 547 598 593 et
616 542 724 607 obedit,
748 544 820 595 sicut
836 544 941 596 mundo
962 550 989 597 et

192 627 309 679 dominis
329 627 389 694 ejus
403 624 538 679 servitiu?
577 626 763 690 Erubesce,
789 626 910 690 Sidon,
940 629 990 679 ait

191 727 296 774 mare,
312 712 373 762 etsi
383 725 509 762 caussam
523 711 642 778 quaeris,
653 709 720 762 audi
734 725 828 778 quare.
863 710 920 765 Pro
932 727 989 764 mo·

192 795 255 846 dica
266 794 423 860 praebenda
438 795 578 862 longavia
592 795 723 857 curritur3
741 809 792 862 pro
807 795 990 846 aeternavita

193 893 209 927 a
219 876 312 929 multis
323 879 426 945 vixpes
436 878 524 932 semel
533 885 635 931 eterra
644 878 760 930 levatur.
795 877 858 930 Vile
869 879 991 944 pretium

193 962 348 1028 quaeritur;
366 977 417 1030 pro
432 977 487 1014 uno
503 963 667 1016 numismate
681 962 818 1014 interdum
828 963 950 1028 turpiter
959 963 991 1014 li·

191 1046 310 1116 tigatur3
324 1062 374 1113 pro
386 1061 456 1098 vana
465 1062 496 1098 re
507 1052 536 1098 ct
544 1061 630 1113 parva
638 1047 822 1112 promissione
833 1046 878 1098 die
892 1055 992 1100 noctu·

192 1145 245 1197 que
255 1127 370 1198 fatigari
378 1145 434 1193 non
443 1131 564 1183 timetur.

242 1213 266 1264 t.
286 1215 342 1267 Sed
351 1213 422 1282 proh
431 1215 534 1282 pudori
553 1229 604 1282 pro
614 1215 687 1266 bono
698 1213 927 1279 incommutabili,
937 1231 991 1284 pro

189 1299 314 1364 praemio
324 1299 535 1362 inaestimabili,
549 1313 600 1365 pro
616 1311 722 1349 summo
733 1297 839 1350 honore
855 1305 883 1354 ct
895 1299 993 1368 gloria

190 1381 388 1433 interminabili
408 1382 454 1434 vel
477 1381 517 1432 ad
535 1371 673 1433 modicum
696 1379 811 1450 fatigari
829 1383 990 1450 pigritatur.

190 1463 330 1515 Erubesce
349 1477 431 1532 ergo,
447 1479 528 1516 serve
543 1466 624 1534 piger
639 1471 667 1516 et
677 1467 838 1534 querulosa,
855 1465 932 1534 quod
946 1467 993 1520 illi

189 1548 346 1613 paratiores
361 1548 537 1600 inveniuntur
552 1548 587 1600 ad
601 1546 799 1616 perditionem,
811 1566 891 1619 quam
906 1555 939 1602 tu
954 1551 993 1603 ad

189 1630 283 1680 vitam.
320 1631 449 1685 Gaudent
458 1632 500 1684 illi
510 1633 626 1700 amplius
642 1633 850 1698 advenitatem,
866 1649 950 1702 quam
960 1641 993 1688 tu

191 1713 226 1764 ad
234 1714 390 1767 ueritatem.
425 1717 561 1786 Equidem
575 1731 593 1769 a
606 1732 655 1786 spe
666 1734 717 1770 sua
726 1733 922 1787 nonnunquam
931 1717 992 1772 fru-

165 1850 170 1861 ,
190 1803 324 1862 strantur;
335 1799 385 1851 sed
394 1803 541 1868 promissio
551 1817 615 1855 mea
624 1803 759 1854 neminem
769 1801 851 1866 fallit,
860 1818 913 1854 nec
923 1819 991 1856 con·

189 1883 320 1939 fidentem
330 1884 398 1937 mihi
408 1885 522 1940 dimittit
530 1888 648 1940 inanem.
677 1886 759 1950 Quod
767 1887 891 1954 promisi,
902 1887 990 1952 dabo,

190 1968 265 2036 quod
275 1969 341 2034 dixi,
351 1971 481 2038 implebo,
492 1972 516 2024 si
524 1977 618 2024 tamen
627 1972 752 2042 usquein
765 1972 848 2023 tinem
858 1971 949 2024 tidelis
959 1974 990 2024 in

190 2051 339 2107 dilectione
352 2071 416 2108 mea
425 2059 486 2124 quis
494 2057 686 2126 permanserit.
720 2055 782 2122 Ego
792 2063 990 2109 remunerator

106 2143 110 2156 ¹
188 2152 248 2189 sum
268 2141 388 2191 omnium
404 2141 542 2194 bonorum
565 2147 593 2194 et
610 2140 692 2192 fortis
709 2140 845 2207 probator
863 2141 988 2192 omnium

188 2221 360 2275 devotorum.
406 2224 410 2239 ‘

238 2305 263 2355 5.
282 2305 378 2360 Scribe
388 2309 474 2361 verba
482 2322 546 2360 mea
554 2309 583 2358 in
593 2306 677 2358 corde
687 2313 745 2370 tuo,
756 2312 784 2358 et
793 2312 935 2373 pertracta
946 2305 985 2360 di·

187 2385 320 2454 ligenter;
330 2396 411 2441 amnt
420 2392 493 2442 enim
502 2391 530 2441 in
539 2396 664 2457 tempore
674 2391 834 2466 tentationis
845 2391 927 2445 valde
938 2408 986 2446 ne·

188 2472 318 2522 cessaria.
355 2473 436 2536 Quod
449 2489 504 2525 non
513 2473 646 2542 intelligis
657 2489 717 2526 cum
727 2475 812 2543 legis,
828 2489 984 2544 cognosces

187 2552 215 2602 in
235 2553 280 2605 die
298 2556 473 2609 visitationis.
508 2556 664 2624 Dupliciter
680 2558 759 2610 soleo
780 2559 884 2610 electos
903 2575 984 2615 meos

241 2723 261 2759 3.
279 2719 315 2761 cf.
327 2720 376 2764 des·
387 2724 421 2772 22,
430 2726 449 2764 4.
