2080 3058
157 191 206 243 aaa
396 194 446 238 an
466 163 708 258 ιΜιΤΆΤιοΝιςΙ

206 310 229 358 3.
251 309 273 360 0
289 309 317 359 si·
324 308 441 359 vidisses
451 307 652 360 sanctorunin
668 306 747 357 eaelo
761 319 880 362 coronas
891 319 960 372 per-

158 393 263 460 petuas,'
271 397 373 460 quanta
383 406 493 460 quoque
502 407 574 442 nune
584 389 827 456 exsultantgloria,
835 390 882 456 qui
889 387 975 457 huic,

156 475 257 526 mundo
274 475 341 526 alim
355 475 557 527 contemtibiles
570 481 601 526 et
614 473 693 541 quasi
706 474 764 524 vita
772 474 835 540 ipsa
844 471 960 540 indigui

155 560 335 626 putabantur:
353 558 480 625 profecto
495 559 626 609 testatius
637 556 797 624 humiliares
810 571 899 624 usque
917 557 957 607 ad

155 651 272 706 terram,
288 648 316 694 et
326 640 473 694 affectares
483 643 576 708 petius
587 642 713 692 omnibus
724 641 958 706 subesse-quam

155 729 203 777 uni
213 740 355 792 praeesset
366 740 418 777 nee
428 723 509 791 hujus
518 725 592 775 vitae
602 724 693 775 laetos
705 724 766 776 dies
775 725 957 790 eoncupisce-

154 825 214 872 res‚
233 807 282 859 sed
296 809 385 876 magis
398 823 449 875 pro
465 809 527 861 Deo
542 808 671 859 tribulari
684 807 835 874 gauderes,
856 813 884 859 et
899 823 955 873 pru

156 890 241 943 nihilo
262 893 334 944 inter
354 890 479 944 homiues
503 891 656 958 computari
678 889 827 961 maxjrnum
845 889 958 942 lucrum

155 976 280 1028 duceres.

205 1059 229 1111 4.
250 1062 272 1113 0
292 1062 316 1112 si
334 1062 385 1113 tibi
404 1060 474 1130 haee
494 1067 624 1127 saperent
644 1064 672 1112 et
689 1057 827 1127 profunde
847 1058 881 1109 ad
903 1075 957 1111 eor

155 1148 318 1210 transirent,
337 1145 476 1215 quomodo
497 1129 678 1196 sufferes-tn
694 1142 781 1196 semel
800 1143 955 1210 conqueri!

92 1279 95 1286 .
124 1227 129 1238 '
153 1229 253 1282 Nonne
267 1244 318 1297 pro
333 1231 391 1281 nita
404 1234 518 1280 aeterna
533 1233 631 1280 cuncta
644 1227 788 1279 laboriosa
801 1230 866 1278 sunt
876 1228 952 1281 tole·

152 1311 257 1364 randat
290 1311 353 1364 Non
372 1319 416 1364 est
435 1327 550 1380 parvum
566 1311 640 1380 qaid,
656 1309 834 1378 perdereaut
845 1309 952 1363 lucrari

152 1411 268 1464 reguum
280 1397 343 1448 Dei.
378 1395 455 1447 Leva
469 1396 555 1463 igitur
568 1395 669 1447 faciem
687 1402 763 1448 tuem
781 1396 810 1446 in
829 1395 949 1449 eoelum.

153 1481 239 1542 Ecce,
258 1494 310 1546 ego
326 1483 354 1530 et
368 1493 463 1530 ornnes
479 1478 573 1532 Sancti
585 1481 641 1532 mei
655 1495 776 1542 mecum,
792 1480 882 1547 quiin
896 1479 954 1534 hoe

153 1562 266 1615 saeculo
277 1576 406 1630 magnum
417 1560 539 1615 habuere
553 1569 706 1627 certamen,
721 1564 805 1615 modo
816 1565 952 1632 gaudent,

150 1647 236 1698 'modu
248 1645 440 1711 consolantur,
455 1648 539 1699 modu
552 1650 643 1700 securi
653 1653 729 1711 suut,
744 1647 829 1700 modu
840 1653 953 1718 requie.

154 1737 246 1793 scunt,
266 1736 295 1782 et
307 1731 367 1784 sine
382 1731 436 1784 fine
451 1747 558 1784 mecum
572 1733 601 1783 in
615 1747 702 1800 regno
717 1733 804 1798 patris
820 1735 878 1786 mei
890 1749 953 1802 per-

154 1816 310 1868 manebunt.
593 1827 597 1834 ·
790 1835 793 1842 ·

453 2048 632 2106 «am-'-

372 2342 533 2400 capua
570 2314 728 2400 x'uvm.

206 2475 249 2528 De
268 2478 309 2528 die
327 2477 495 2530 aeternitatis
515 2481 547 2530 et'
559 2477 637 2546 haja·
656 2479 727 2530 as’tae
745 2481 891 2547 anguetit'a.

201 2651 226 2699 1.
247 2631 277 2703 0
298 2668 433 2719 supernae
452 2654 571 2704 civitatis
588 2656 694 2706 mansio
711 2655 890 2707 beatissima!
929 2661 952 2710 0

152 2737 211 2788 dies
223 2741 395 2790 aeternitatis
406 2740 572 2805 clarissima,
583 2759 663 2809 quana
674 2758 729 2794 nox
738 2759 794 2795 non
803 2745 952 2810 obseurat,
