2084 3064
242 191 401 240 CHRISTI
435 193 500 238 [ΑΒ.
518 193 561 238 111.
582 193 656 239 Cer.
675 196 766 239 55.56.
851 193 899 242 187

350 456 522 563 'canor
555 503 644 570 nvi.
681 476 687 485 '

150 637 229 708 Quod
245 658 293 694 nor
312 641 382 710 ipsos
400 641 535 710 abnegare
554 649 581 695 et
601 640 857 712 Gdrmtamlimt'tari

278 779 285 792 ,
345 725 464 778 dedemus
479 741 531 793 per
549 741 660 778 crucem.

154 907 180 957 1,
197 884 275 966 Fili,
291 907 422 971 quantum
437 908 495 954 ate
509 902 687 968 valesexire,
702 909 807 956 tantum
816 907 844 956 in
854 893 898 956 n'te

102 993 209 1059 poteris
223 992 351 1043 transire.
387 991 465 1043 Sicut
480 989 550 1040 nihil
562 989 633 1041 soris
649 993 844 1059 concupiscere
858 994 897 1043 in·

101 1083 210 1128 ternam
224 1091 321 1154 pacem
334 1075 417 1139 facit,
431 1075 473 1126 sic
486 1089 516 1126 se
532 1075 648 1126 interius
661 1075 819 1142 relinquere
834 1077 911 1128 Deor

103 1161 255 1228 conjungit.
290 1159 364 1213 Volo
375 1163 404 1211 te
419 1158 563 1210 addiscere
573 1157 726 1225 perfectam
736 1147 897 1227 abnegatio·

101 1261 166 1299 nem
174 1246 217 1296 tui
225 1246 254 1298 in
262 1244 405 1296 voluntate
419 1257 482 1294 mea
496 1242 555 1297 sine
566 1241 784 1294 contradictione
795 1249 823 1294 et
832 1259 897 1312 que·

100 1331 171 1382 rela.
207 1329 331 1396 Sequere
349 1342 407 1390 me;
435 1341 497 1394 ego
526 1342 596 1378 sum
617 1327 686 1390 via,
710 1328 840 1379 veritae
865 1335 898 1379 et

100 1417 181 1467 vita.
217 1414 284 1466 Sine
292 1413 338 1466 via
346 1411 402 1463 non
410 1413 475 1475 itur,
490 1411 549 1463 sine
559 1413 678 1464 veritate
687 1426 742 1464 non
753 1413 896 1480 cognosci-

100 1506 155 1563 tur,
166 1499 226 1550 einc
235 1499 292 1549 vita
301 1513 356 1550 non
366 1497 474 1548 vivitur.
509 1495 571 1564 Ego
582 1511 642 1548 sum
651 1497 710 1559 via,
726 1511 807 1564 quam
817 1498 897 1565 sequi

101 1584 201 1646 debes;
219 1583 330 1646 veritas,
342 1582 387 1634 cui
396 1581 510 1635 credere
521 1579 620 1646 debes;
634 1583 700 1644 vita,
712 1597 792 1649 quam
802 1597 896 1648 spera·

97 1684 131 1721 re
142 1667 236 1720 debes.
271 1668 332 1734 Ego
343 1680 403 1718 sum
413 1668 458 1718 via
466 1665 645 1728 inviolabilis,
651 1667 754 1722 veritas
763 1664 895 1718 infallibi-

97 1753 144 1816 lis,
159 1750 444 1804 vitainterminabilis.
480 1751 541 1816 Ego
552 1764 612 1800 sum
621 1749 667 1799 vin
675 1752 839 1813 rectissima,
849 1766 895 1802 ve-

97 1838 168 1889 ritas
182 1850 325 1903 suprema,
339 1835 397 1885 vita
409 1847 488 1895 vera,
503 1834 560 1883 vita
573 1833 670 1894 beata,
692 1834 747 1884 vita
760 1833 893 1885 increata.

24 1920 31 1934 ““
99 1921 277 1994 Simanseris
289 1921 318 1970 in
331 1919 377 1970 ria
391 1931 467 1979 mea,
488 1931 678 1982 cognosces
696 1917 893 1982 veritatem,

8 1985 9 2014 ἲ
99 2010 134 2058 et
151 2005 282 2056 veritas
300 2001 470 2054 liberabit
488 2005 535 2064 te,
554 2006 582 2052 et
600 1997 791 2068 apprehendes
808 2001 894 2052 vitam

8 2119 9 2124 =
99 2095 251 2142 aeternam.

149 2176 174 2224 2.
195 2172 229 2225 si
251 2172 303 2223 vis
327 2170 367 2222 ed
389 2170 491 2222 vitam
513 2167 664 2236 ingredi,
689 2183 789 2222 serva
808 2184 894 2221 man-

99 2259 189 2309 date.
225 2255 256 2309 Si
273 2256 314 2306 vie
332 2255 478 2306 veritatem
501 2267 685 2320 cognoscere,
711 2253 793 2306 erede
816 2253 892 2306 mihi.

99 2343 134 2396 Si
153 2343 204 2393 vis
222 2339 401 2408 perfectus
421 2353 508 2402 esse,
530 2338 637 2390 vende
656 2338 786 2388 omnia:
812 2337 893 2391 Siris

99 2442 161 2480 esee
176 2425 327 2492 discipulus
345 2440 436 2489 meus,
452 2425 560 2490 abnega
573 2428 660 2476 temet
673 2423 772 2489 ipsum.
808 2423 839 2476 Si
851 2425 893 2476 ris

97 2513 210 2568 beatam
234 2512 320 2562 vitam
341 2509 500 2576 possidere,
524 2513 698 2574 praesentem
720 2508 812 2558 vitam*
828 2524 892 2560 con·

96 2604 209 2662 temne„
222 2595 254 2647 Si
262 2593 431 2656 vis'exaltari
440 2595 469 2644 in
480 2592 569 2654 coelo,
580 2588 695 2642 humilia
703 2597 732 2642 ta
741 2591 770 2641 in
779 2592 890 2697 mipndc.

155 2769 174 2807 1.
191 2763 273 2807 Joann.
285 2765 318 2812 14,
328 2764 348 2805 d.
378 2756 413 2804 Ib-
424 2764 444 2811 8,
457 2764 491 2804 ³2·
507 2783 535 2794 -—
564 2764 584 2804 2.
600 2759 683 2804 Metti.
696 2762 732 2810 to,
741 2763 774 2804 ss·
785 2763 819 2804 21.
