2072 3068
231 218 389 267 cuulsuu
422 219 492 266 ΜΒ.
507 217 550 266 m.
570 220 644 293 crau.
662 221 702 266 45.
812 217 862 270 1⁵⁹

4 373 5 416 }
57 335 176 390 christo
185 331 315 386 fundata!
335 333 366 387 Si
375 293 416 385 ita
425 347 534 386 mecum
543 331 631 398 foret,
646 349 702 385 non
711 344 768 386 tam
777 335 861 388 facile

4 421 5 426 ’
55 423 147 473 timor
157 417 292 470 humanus
301 433 347 470 me
358 418 537 482 sollicitaret,
551 434 603 472 nec
612 419 759 495 verberum
766 420 861 486 jacula

54 507 215 556 moverent.
252 502 322 565 Quis
332 505 426 554 omnia
434 503 606 570 praevidere,
623 504 683 570 quis
693 516 860 568 praecavere

53 589 156 641 tunna
170 588 246 638 mala
259 585 382 639 sufficiti
417 587 447 641 Si
460 589 589 655 praevisa
604 602 688 654 saepe
705 587 788 638 etiam
803 586 860 638 lae·

54 675 137 736 dunt,
150 672 217 739 quid
225 673 377 738 improvisa
386 673 440 724 uisi
449 675 572 742 graviter
581 670 700 725 ferianti
728 670 785 723 Sed
794 685 859 740 qna·
922 719 930 731 ,

52 773 87 812 re
102 755 176 809 mihi
189 758 292 808 misero
306 773 363 808 nou
373 758 472 810 melius
482 756 608 824 providi?
643 758 699 809 Cur
709 757 794 808 etiam
800 763 860 806 tam

53 842 145 896 faeile
157 841 220 892 aliis
231 840 353 893 eredidit
388 842 444 895 Sed
453 841 578 894 homines
593 857 700 906 sumus,
717 856 769 894 nec
783 841 860 894 aliud

53 925 396 996 quamfragileshomines
406 943 508 991 sumus,
516 927 626 978 etiamsi
635 925 859 994 angeliamulti

4 1021 5 1078 ζ
54 1013 241 1064 aestimamur
255 1017 284 1063 et
298 1012 422 1064 dicimur.
458 1013 511 1065 cui
526 1010 870 1073 credamfflominemui„

51 1095 113 1146 nini
122 1091 192 1145 tibit
220 1095 332 1148 Veritas
343 1112 382 1160 ee,
393 1111 464 1164 quae
474 1111 530 1148 non
539 1094 625 1157 fallis,
635 1109 688 1145 nee
696 1093 759 1145 falli
768 1099 858 1160 putee.

53 1181 93 1232 Et
101 1193 227 1231 rursum:
247 1181 342 1232 omniu
352 1177 436 1231 homo
446 1179 574 1243 mendax,
582 1179 714 1241 infirmus,
721 1177 858 1230 instabilis

56 1272 86 1318 et
94 1263 191 1315 labilis
200 1267 320 1316 maxime
329 1265 358 1316 in
367 1265 468 1328 verbis,
479 1265 519 1315 ita
528 1265 662 1315 utstatim
670 1263 717 1314 vix
726 1262 803 1314 eradi
812 1261 858 1316 de·

54 1341 691 1415 beatquodreetuminfaeieaonarevidetur.

108 1444 134 1494 i.
156 1443 245 1505 Quam
263 1434 414 1509 prudenter
431 1435 646 1511 praemonuisti,
674 1441 857 1494 cavendum

57 1531 98 1581 ab
118 1527 327 1591 hominibus,
343 1537 372 1578 et
390 1530 470 1596 quia
487 1529 622 1580 inimici
640 1525 784 1579 hominis
804 1526 857 1577 do·

56 1612 198 1666 meatici
225 1612 313 1677 ejus;
345 1627 397 1663 nee
416 1613 597 1675 credendum,
618 1613 722 1678 siquis
741 1612 856 1662 dixemt:

54 1699 147 1750 Eece
171 1694 241 1758 hie,
265 1701 323 1745 aut
341 1709 421 1748 ecce
439 1697 523 1749 illic.
557 1697 665 1748 Doctus
679 1711 740 1746 sum
755 1694 855 1746 damno
927 1703 932 1712 '

55 1795 136 1844 meo,
152 1786 181 1831 et
190 1780 294 1830 utinam
304 1778 340 1830 ad
350 1780 487 1832 cautelam
496 1781 633 1847 maJorem
643 1784 735 1830 etnon
745 1778 855 1829 adinsi-

55 1866 193 1934 pientiam
201 1861 278 1914 mihi.
307 1864 411 1918 cautus
422 1869 491 1926 ento,
499 1864 539 1932 ait
548 1862 669 1929 quidam,
677 1869 774 1914 cautus
785 1868 855 1924 esto,

55 1965 140 2004 serva
154 1947 228 2014 apud
236 1952 274 2010 te,
291 1947 365 2016 quod
375 1947 448 1998 dico.
482 1945 520 1996 Et
529 1945 593 1995 dum
608 1959 661 2012 ego
674 1946 745 1996 sileo
757 1950 785 1996 et
795 1946 855 1996 abs·

19 2031 22 2034 ’
57 2034 200 2088 conditum
211 2031 304 2096 uredo,
315 2047 367 2082 nec
376 2029 623 2094 illesilerepotest,
635 2029 709 2096 quod
720 2027 856 2080 silendum

55 2120 149 2188 petiit,
159 2116 210 2169 sed
219 2117 312 2168 statim
322 2115 416 2182 prodit
425 2129 468 2167 me
479 2119 508 2167 et
517 2118 593 2178 sect
602 2114 678 2165 abiit.
714 2114 753 2165 Ah
764 2111 856 2179 hujus·

55 2205 135 2258 modi
144 2202 249 2254 fabulis
264 2206 292 2252 et
305 2201 423 2252 incautis
434 2198 590 2252 hominibus
600 2203 717 2265 protege
726 2211 785 2258 me,
800 2197 857 2247 Do-

55 2292 141 2352 mine,
154 2302 190 2338 ne
199 2289 228 2339 in
237 2300 333 2336 manus
345 2301 441 2338 eorum
450 2285 582 2346 incidam,
598 2298 650 2334 nee
659 2281 858 2348 unquamtalin

57 2373 239 2428 committam.
257 2371 379 2422 Verbum
385 2385 480 2422 verum
490 2367 624 2421 etstabile
630 2366 667 2418 da
675 2367 704 2416 in
715 2381 747 2417 os
756 2380 857 2428 meum,

57 2467 86 2512 et
93 2459 221 2526 linguam
232 2452 361 2506 callidam
370 2454 453 2523 longe
463 2453 509 2506 fae
519 2468 598 2504 ame.
620 2447 857 2520 Quodpetin'olo,

57 2540 219 2596 omnimode
230 2553 328 2590 cavere
339 2537 437 2591 debeo.
573 2603 574 2608 Ἰ

4 2635 8 2642 “
108 2627 134 2679 5.
155 2626 178 2677 0
189 2637 271 2691 quam
280 2623 383 2673 bonum
393 2629 421 2674 et
430 2624 575 2690 pacificum
585 2621 620 2674 de
631 2621 693 2672 aliis
704 2623 856 2686 ailere‚nec

53 2735 380 2755 Μ..

115 2795 138 2834 ⁴.
153 2785 239 2832 Metti.
252 2787 285 2836 to,
297 2789 322 2831 ii
332 2791 356 2830 et
365 2791 399 2832 36.
428 2787 463 2832 Ib-
473 2793 508 2842 24,
519 2795 545 2836 ²³
558 2795 582 2834 et
596 2791 667 2834 Mene·
678 2793 711 2840 ta,
721 2793 756 2832 21.
