2056 3062
22 2709 24 2787 i

203 172 236 225 ιι
444 177 494 223 oe
512 167 752 225 ιιιιιιιιοιιι

154 307 160 316 ·
205 295 233 342 et
241 290 413 352 custodiens
423 291 475 342 erit
484 291 535 342 tibi
543 296 642 358 postea
648 293 750 346 d11eeta
759 297 849 382 amica
861 305 892 352 et
902 304 1001 368 gratis

114 425 123 434 ,
203 376 300 430 simum
310 375 446 426 solatium.

252 459 276 510 ι.
294 459 324 510 In
333 458 443 510 silentio
463 463 492 510 et
506 461 598 528 quiete
616 462 726 528 proiicit
739 465 831 516 anima
843 467 965 538 ¹(torota
978 484 999 522 et

179 531 180 540 ¹
204 542 285 595 discit
298 542 460 594 abscondita
474 547 679 610 scripturarum.
715 548 756 598 lbi
770 549 876 602 invenit
893 552 997 606 fluenta

201 627 495 695 laerymarumquibus
502 628 617 695 singulis
626 631 751 698 noctibus
762 632 874 685 selavat
886 645 996 690 etmun·

133 734 140 742 ·
201 711 261 774 det,
276 717 307 763 ut
320 711 457 762 conditori
469 725 519 763 suo
535 719 612 764 tanto
627 712 792 767 familiarior
805 717 868 781 fiat,
891 731 995 788 quanto

199 797 309 863 longius
324 796 357 847 ab
373 795 446 866 omni
460 797 597 850 saeculari
609 799 726 850 tumultu
736 800 820 868 degit.
842 852 844 858 ,
858 805 917 866 Qui
929 823 994 876 ergo

199 896 229 932 se
241 879 375 934 abstrahit
385 881 483 932 anotis
494 883 522 934 et
531 882 635 946 amieis,
646 886 848 951 approximabit
857 888 903 940 iiii
917 891 993 944 Deus

148 1009 155 1024 ,
200 979 261 1016 cum
269 965 380 1034 Angelis
390 967 501 1018 sanetis.
535 967 638 1018 Melius
649 973 692 1019 est
700 969 789 1022 latere
804 976 832 1022 et
841 973 887 1023 sui
898 991 992 1027 curam

199 1065 293 1118 agere,
304 1066 385 1118 quam
402 1067 432 1103 se
450 1051 579 1119 neglecto
598 1053 678 1120 signa
696 1052 798 1106 faeere.
831 1055 992 1112 'Laudabile

200 1141 242 1187 est
259 1133 363 1188 homini
379 1136 514 1204 religioso
531 1151 598 1188 rato
617 1135 695 1188 foras
709 1139 759 1202 ire,
779 1137 877 1206 fugere
893 1144 991 1210 videri,

198 1219 272 1270 nolle
282 1220 365 1271 etia'm
375 1219 499 1272 homines
508 1220 612 1271 videre.

247 1321 273 1368 ι.
292 1318 364 1381 Quid
390 1309 442 1370 ris'
458 1318 567 1380 videre,
601 1320 675 1386 quod
700 1337 756 1374 non
781 1324 847 1378 iicet
869 1323 991 1384 habere!

199 1403 340 1452 Transit
366 1400 503 1452 mundus
532 1391 565 1453 et
596 1407 878 1472 concupiscentia
908 1415 989 1480 ejus

199 1482 325 1535 Trahunt
338 1483 477 1536 desideria
486 1485 673 1538 sensualitatis
689 1489 723 1539 ati
733 1489 922 1558 spatiandumss
944 1499 990 1551 sed

200 1581 262 1619 eum
270 1565 340 1619 hora
353 1568 507 1632 transierit,
523 1570 589 1638 quid
602 1571 655 1622 nisi
669 1575 989 1639 gravitatemoonsoien·

154 1717 156 1734 .
198 1652 255 1702 tiae
266 1657 295 1701 et
303 1651 394 1704 cordis
405 1652 603 1718 dispersionem
615 1658 760 1722 reportari
779 1661 883 1713 Laetus
900 1668 989 1719 exitus

196 1735 305 1786 tristem
314 1750 398 1809 saepe
406 1737 525 1788 reditum
533 1741 620 1813 parit,
637 1746 666 1792 et
673 1740 749 1793 laeta
758 1745 855 1811 vigilia
864 1751 990 1803 serotina

196 1819 451 1872 tristemaneiacit.
486 1821 989 1893 Sioomneearnalegaudiumblande

125 1959 127 1967 k
196 1903 290 1966 intrat,
309 1903 404 1956 sedin
422 1905 476 1957 iine
494 1904 604 1961 mordet
621 1915 650 1961 et
662 1912 796 1976 perimit.
816 1913 888 1975 Quid
908 1928 989 1984 pote,

198 1985 265 2038 aiibi
282 1988 385 2052 ridere,
406 1990 479 2058 quod
497 1989 613 2046 hicnon
630 1993 724 2046 ridesi
742 1995 814 2049 Ecce
834 2000 947 2054 coelum
966 2011 991 2058 ei

196 2075 272 2123 terra
286 2079 315 2124 et
329 2074 420 2131 omnia
438 2075 587 2142 elementa3
609 2093 672 2129 nam
683 2093 718 2130 ex
733 2080 796 2131 istis
815 2084 909 2135 omnia
928 2097 992 2142 sunt

196 2153 280 2206 iacta.

248 2241 272 2292 8.
293 2241 364 2303 Quid
373 2249 454 2310 potes
465 2245 566 2296 alicubi
575 2244 669 2297 ridere
675 2247 768 2314 quod
778 2248 824 2300 diu
833 2257 930 2318 potest
940 2260 990 2311 sub

198 2323 259 2375 sole
273 2325 451 2391 permaneret
467 2328 563 2380 credis
576 2334 604 2380 te
619 2327 737 2383 forsitan
746 2335 857 2398 satiari,
872 2339 991 2394 sednon

198 2409 303 2471 poteris
321 2411 487 2478 pertingere.
527 2412 558 2464 si
576 2417 674 2463 cuncta
691 2415 800 2468 videres
818 2429 989 2492 praesentia,

199 2489 264 2553 quid
275 2497 349 2542 esset
357 2493 410 2544 nisi
418 2496 488 2545 visio
499 2493 584 2545 vanai
593 2495 670 2546 Leve
680 2499 775 2550 oeulos
784 2505 848 2552 tuos
858 2503 991 2562 adDeum

174 2597 180 2612 ι
198 2568 367 2636 herneisio,
384 2581 412 2626 et
426 2591 476 2627 ora
490 2592 539 2642 pro
554 2579 675 2644 peccatis
689 2582 743 2632 tuis
759 2585 788 2634 et
801 2585 989 2655 negligentiis.

199 2675 521 2692 *—

251 2741 271 2778 7.
285 2741 295 2779 i
313 2736 461 2786 Jounn.2‚1r.
