2056 3062
166 169 178 180 ““
234 177 391 226 ῦΗΜδΉ
423 177 482 224 hie.
498 177 518 225 Ι.
537 176 601 224 cer.
620 175 661 220 11.
813 170 845 224 17

98 292 123 340 ll.
144 289 173 343 Si
184 293 343 354 niteremur,
354 297 425 344 sicut
433 292 486 343 viri
495 290 594 353 fortes,
604 294 679 362 stare
689 290 717 339 in
726 287 845 356 proelio,

42 374 176 442 proiecto
192 376 324 428 auxilium
338 375 452 428 Domini
470 389 555 442 super
568 388 621 426 uos
639 372 795 425 videremus
810 373 846 424 de

42 458 138 511 coelo.
173 459 235 525 lpse
246 460 318 510 enim
333 465 470 512 certantes
485 465 514 512 et
523 459 557 512 de
568 473 619 510 sua
632 457 724 526 gratia
733 469 845 524 sperau-

38 553 85 594 tes
100 549 216 610 paratus
232 549 274 594 est
294 543 438 610 adjuvare:
459 544 507 612 qui
519 543 600 595 nobis
620 540 746 594 certandi
765 555 844 593 oeca-

39 626 139 676 sioues
149 635 294 692 procurat,
309 630 515 681 utvmeamun
533 626 564 680 Si
572 625 787 678 tantoministis
798 639 843 676 ex·
864 635 869 645 ·

39 708 195 760 terion'bus
207 710 390 763 observantiis
395 710 701 780 proiectumrellgionis
706 710 843 778 ponimus,

41 794 100 843 cito
116 791 200 844 finem
214 790 328 848 habebit
341 795 453 848 devotio
467 800 573 848 nostra.
609 794 664 848 Sed
675 792 711 845 ad
718 792 843 846 radicem

40 877 164 928 securim
174 892 317 944 ponamus,
328 887 359 930 ut
367 880 479 946 purgati
488 894 506 930 a
514 879 689 946 passionibus
699 877 842 946 pacificam

41 967 165 1012 mentem
174 960 376 1028 possideamus.
788 1027 790 1034 Ι

95 1044 121 1094 5.
141 1043 173 1096 Si
183 1045 257 1094 omni
267 1059 338 1096 anno
349 1061 433 1096 unum
441 1047 538 1098 vitium
548 1047 776 1112 exstirparemus,
788 1047 844 1097 cito
917 1093 921 1105 ,

43 1127 99 1178 viri
122 1125 240 1194 perfecti
263 1129 444 1188 efficeremur.
480 1129 536 1182 Sed
557 1128 641 1180 modo
666 1145 682 1180 e
705 1129 844 1180 contrario

45 1221 134 1278 saepe
144 1212 286 1276 sentimus,
297 1219 328 1264 ut
336 1213 468 1266 meliores
479 1218 507 1265 et
515 1213 643 1281 puriores
653 1213 682 1264 in
690 1211 770 1264 initio
781 1225 845 1262 eou-

44 1295 184 1346 versionis
200 1311 250 1348 nos
265 1296 353 1349 fuisse
365 1298 551 1362 inveniamus,
570 1312 651 1366 quam
666 1301 731 1364 post
744 1295 846 1348 multos

45 1392 135 1430 annos
148 1380 350 1446 professionis.
385 1383 492 1436 Feruor
510 1389 540 1434 et
555 1381 697 1449 profectus
721 1378 846 1450 quotidie
880 1447 884 1454 ‚

45 1462 163 1514 deberet
177 1479 317 1528 crescere3
336 1467 385 1518 sed
405 1483 476 1520 nune
495 1481 546 1534 pro
561 1480 663 1534 magno
679 1464 802 1528 videtur,
822 1465 846 1516 si

45 1548 108 1616 quis
123 1549 205 1614 primi
219 1548 337 1602 fervoris
351 1560 458 1618 partem
472 1557 568 1619 posset
580 1551 711 1604 retinere.
748 1549 778 1601 Si
787 1563 846 1600 mo-

46 1631 138 1683 dicam
147 1633 308 1684 violentiam
317 1634 738 1704 laceremusinprineipio,tune
746 1640 846 1700 postea

47 1724 146 1768 cuncta
155 1732 299 1792 possemus
309 1718 404 1772 faeere
415 1735 476 1772 eum
484 1719 599 1772 levitate
610 1729 639 1772 et
647 1717 761 1788 gaudio.

101 1801 125 1852 (i.
146 1802 237 1854 Grave
254 1811 297 1854 est
313 1811 425 1856 assueta
438 1803 589 1866 dimittere3
609 1802 659 1856 sed
673 1805 785 1868 gravius
801 1808 844 1854 est

51 1894 148 1938 contra
162 1886 302 1952 propriam
316 1886 485 1938 voluntatem
500 1888 551 1938 ire.
587 1884 643 1937 Sed
654 1887 677 1936 si
687 1901 742 1936 nou
757 1885 842 1936 vineis

50 1986 135 2038 parva
143 1979 172 2022 et
179 1971 261 2032 levia,
273 1966 382 2033 quando
394 1969 537 2032 superabis
548 1965 722 2020 difficiliorat
736 1967 842 2018 Resiste

50 2059 79 2106 in
89 2055 223 2120 principio
233 2051 406 2103 inclinationi
417 2055 494 2111 tuae,
507 2057 535 2100 et
543 2051 645 2102 malam
655 2048 767 2100 dedisse
778 2064 841 2100 con·

53 2137 237 2197 suetudinem,
253 2151 287 2186 ne
297 2129 514 2198 forte‘paulatim
525 2133 559 2183 ad
570 2133 704 2199 majorem
718 2139 746 2183 te
762 2132 843 2184 ducat

54 2219 253 2271 difficultatem.
290 2219 312 2268 0
323 2218 347 2268 si
358 2217 531 2280 adverteres,
547 2222 676 2284 quantam
686 2216 737 2266 tibi
748 2232 842 2282 pacem

56 2303 161 2354 et'aliis
180 2301 315 2352 laetitiam
333 2299 442 2352 laceres
459 2305 488 2350 te
505 2299 595 2364 ipsum
613 2298 684 2350 bene
706 2296 842 2362 habendo,

57 2391 130 2452 puto,
138 2384 211 2452 quod
222 2384 333 2435 solliciti
338 2399 370 2434 or
380 2399 455 2436 esses
463 2383 499 2435 ad
504 2382 841 2452 spiritualemprofectum.

356 2642 545 2670 *—
