2056 3062
148 267 149 274 ,
202 227 219 282 6
447 229 498 278 DE
517 229 757 280 ΙΜῙΤΔΤΙΟΝΕ

153 353 158 370 ‘
252 346 276 399 3.
297 347 406 410 Quanto
415 346 479 414 plus
489 352 517 399 et
525 345 624 418 melius
634 347 702 410 scis,
716 351 794 399 tanto
810 347 924 415 gravius
935 348 1004 400 inde

201 433 384 500 imitaberis,
398 431 452 482 nisi
465 431 586 502 sanctius
599 431 710 482 vixeris.
745 430 811 483 Noli
821 445 889 500 ergo
901 431 1004 484 extolli

205 515 239 567 de
250 513 307 566 ulla
317 521 376 568 arte
385 515 430 566 vel
444 515 574 579 scientia,
588 515 638 567 sed
648 515 739 582 potius
750 516 816 568 tinne
826 516 861 568 dc
872 515 941 567 data
950 516 1004 567 tibi

204 600 312 650 notitia.
349 598 379 652 Si
388 599 439 650 tibi
457 598 578 662 videtin,
603 598 677 666 qaod
699 598 787 650 multa
809 600 863 652 scis
883 606 913 652 et
931 601 1003 652 satis

101 684 105 692 '
204 683 275 736 bene
285 682 430 750 intelligis:
446 683 516 734 scito
530 688 636 755 tannen!
652 683 717 749 quia
730 688 794 734 sunt
806 682 893 734 multo
909 683 1004 751 plura,

205 781 276 836 quae
294 766 394 818 nescis.
429 765 495 818 Noli
514 765 599 817 altum
617 779 726 832 sapere·
745 765 795 818 sed
812 767 1005 834 ignorantiam

126 896 130 910 ,
204 859 281 900 tuam
290 846 487 918 maglsiatere.
524 849 596 912 Quid
605 849 770 901 tevisalicui
778 848 931 916 praeferre,
939 865 1004 902 cum

203 932 298 1000 plures
321 933 461 986 doctiores
484 939 512 984 te
529 932 703 984 inveniantur
726 938 754 985 ct
776 935 865 1002 magis
888 933 917 985 in
935 933 1003 1002 lege

204 1013 303 1084 peritii
323 1015 353 1069 Si
366 1017 408 1067 vis
427 1017 533 1071 utiliter
547 1015 652 1084 aliquid
666 1018 738 1070 scire
753 1022 781 1068 et
795 1017 916 1080 discere,
936 1032 1004 1070 ama

204 1102 308 1154 nesciri
317 1106 346 1153 et
353 1116 404 1169 pro
413 1099 500 1154 nihilo
509 1101 643 1168 reputari.

254 1185 280 1236 d.
297 1186 378 1238 Hace
395 1191 438 1238 est
459 1186 596 1238 altissima
618 1189 647 1236 ct
664 1183 811 1238 utilissima
833 1183 932 1247 lectio,
958 1187 1004 1238 sui

203 1270 291 1336 ipsius
305 1284 372 1320 vera
385 1267 507 1334 cognitio
523 1272 552 1318 et
565 1266 716 1334 despectio.
751 1267 794 1319 Dc
809 1283 840 1320 se
853 1268 914 1334 ipso
930 1268 1004 1322 nihil

203 1360 300 1405 tenere
311 1357 339 1404 et
347 1351 384 1404 de
393 1350 456 1402 aliis
465 1349 654 1416 semperbene
665 1356 694 1401 et
703 1348 758 1402 alte
767 1352 883 1414 sentire,
898 1367 1004 1422 magna

203 1435 342 1503 sapientia
357 1439 400 1486 est
414 1439 442 1485 et
455 1431 601 1501 perfectio.
637 1431 667 1486 Si
676 1432 785 1486 videres
800 1437 884 1487 alium
903 1445 1003 1504 aperte

203 1533 321 1586 peccare
330 1516 376 1569 vel
385 1515 479 1586 aliqua
488 1515 586 1586 gravia
594 1521 769 1584 perpeoare,
778 1533 833 1571 non
844 1517 963 1574 deberes
973 1529 1003 1577 te

203 1609 297 1654 tamen
314 1600 638 1674 nneliorem‘acstimare³
658 1601 723 1670 quia
740 1602 844 1664 nescis,
868 1601 1004 1671 quamdiu

133 1717 136 1732 .
203 1683 415 1756 possisiabono
426 1690 510 1736 stare.
546 1685 647 1738 Omnes
657 1681 772 1754 fragiles
782 1700 889 1748 sumus3
904 1685 957 1740 sed
972 1694 1003 1741 tu

203 1771 340 1824 neminem
349 1768 523 1838 fragiliorem
532 1775 560 1822 to
570 1769 632 1836 ipso
641 1769 757 1824 tenebis.
994 1773 996 1776 '

503 2019 699 2052 ...ηομ-

468 2253 627 2313 CAPUT
663 2251 727 2310 111.

426 2371 468 2426 De
492 2369 616 2425 doctrina
642 2369 772 2424 veritates.

187 2528 192 2533 '
251 2535 278 2584 d.
298 2511 395 2596 Felix,
414 2547 498 2600 quem
516 2533 618 2587 veritas
641 2547 731 2600 perse
751 2530 847 2595 docet,
870 2547 925 2584 non
948 2551 1003 2604 per

201 2619 304 2688 figuras
324 2629 354 2674 et
370 2637 455 2677 voces
473 2631 662 2689 transcuntes,
686 2624 737 2677 sed
755 2625 837 2676 sicuti
855 2640 885 2676 se
903 2623 1008 2683 habet·

200 2703 305 2756 Nostra
314 2707 408 2773 opirnio
420 2713 449 2760 et
458 2717 554 2762 noster
563 2721 659 2761 sensus
669 2724 752 2776 saepe
762 2723 813 2760 nos
823 2706 897 2760 fallit
903 2714 930 2760 et
939 2725 1002 2765 mo.

201 2787 291 2840 dicum
306 2789 389 2842 videt.
426 2791 501 2852 Quid
514 2792 630 2858 prodest
642 2808 742 2862 magna
757 2793 895 2847 cavillatio
907 2793 941 2844 de
953 2811 1001 2852 oc.
