2056 3062
202 192 359 245 CHRIST!
392 199 458 246 Lis.
475 199 496 243 1.
514 200 587 246 Gan.
606 202 696 249 1213.
809 200 843 256 19

298 411 458 472 cAPUT
493 415 590 471 xltl.

226 530 270 584 Dc
291 532 482 586 tentationibus
501 535 658 589 resistendis.
704 507 707 514 ι

92 692 118 742 1.
138 667 283 758 Quamdiu
291 694 319 744 in
333 694 435 746 mundo
446 697 650 760 vivimus‚.sina
658 697 838 752 tribulatione

37 785 70 830 et
93 779 247 831 tentatione
271 795 332 832 esse
356 795 411 831 nnn
433 795 587 847 possumus.
636 783 714 838 Unde
737 785 765 835 in
787 785 837 836 lob

35 863 174 929 scriptum
185 869 239 915 cst:
254 865 415 915 Tentatio
432 870 484 915 est
495 867 566 916 vita
579 865 722 919 humana
735 884 838 935 super

36 954 178 999 terram.
213 946 279 998 ldeo
294 947 481 1014 unusquisque
496 949 631 1002 sollicitus
647 967 708 1003 esse
723 953 838 1022 deberet

39 1031 118 1082 circa
126 1031 296 1080 tentationes
305 1044 384 1090 suas,
401 1031 553 1094 etvigilarc
562 1033 591 1080 in
602 1035 788 1098 orationibus,
802 1053 837 1090 ue

40 1110 172 1164 diabolus
190 1111 282 1163 locum
298 1111 435 1162 inveniret
453 1111 616 1178 decipiendi,
637 1117 683 1183 qui
701 1133 838 1186 nunquam

40 1195 190 1258 domitat,
219 1193 269 1245 sed
297 1194 423 1246 circuit
450 1210 634 1264 quaerens,
664 1215 759 1267 quam
787 1202 838 1254 dc-

38 1277 150 1330 vo'ret.
184 1277 712 1348 Nemotamperfectusestessanoms‚
728 1286 838 1353 quinon

40 1361 147 1415 habeat
156 1361 303 1431 aliquando
314 1365 490 1430 tentationes,
498 1366 615 1433 etpleue
626 1368 666 1420 eis
677 1384 773 1421 carere
782 1386 839 1422 non
852 1405 855 1412 .
869 1380 877 1392 ·

39 1463 197 1518 possumus.
545 1513 548 1528 Ι
868 1433 874 1448 ’

92 1533 118 1583 2.
138 1531 207 1586 Sunt
223 1538 316 1584 tamen
334 1535 501 1586 tentationes
525 1534 629 1588 homini
653 1553 737 1604 saepe
756 1539 837 1590 valde

40 1617 207 1679 utiles‚licet
215 1617 351 1668 molestae
361 1618 416 1669 sint
425 1625 453 1670 et
461 1634 570 1686 graves,
577 1622 642 1688 quia
650 1621 678 1672 in
687 1623 743 1673 illis
754 1621 836 1673 homo

40 1701 211 1764 humiliatur,
221 1707 356 1770 purgatur
366 1707 394 1754 et
403 1704 535 1755 cruditur.
572 1707 673 1778 Omnes
685 1704 778 1759 Sancti
788 1722 838 1773 per

40 1785 143 1836 multas
166 1785 359 1838 tribulationes
384 1792 411 1838 et
433 1788 601 1840 tentationes
623 1789 793 1841 transierunt
810 1795 839 1841 ct

41 1869 229 1938 proiecerunt.
256 1869 310 1920 'Et
327 1871 375 1937 qui
397 1871 565 1923 tentationes
588 1872 724 1924 sustinere
744 1875 838 1940 nequi·

41 1960 149 2016 rerunt,
167 1953 281 2020 reprobi
298 1952 367 2004 facti
385 1957 448 2004 sunt
467 1958 495 2004 et
514 1952 683 2007 defecerunt.
717 1954 781 2007 Non
797 1961 840 2008 est

44 2039 144 2106 aliquis
155 2038 224 2089 ordo
234 2042 291 2088 tam
305 2041 416 2088 sanctus
426 2051 478 2087 nec
484 2037 563 2088 locus
573 2043 630 2089 tam
640 2043 776 2102 secretus,
792 2039 839 2092 ubi

21 2169 24 2176 .
44 2138 99 2173 uon
108 2123 164 2174 sint
172 2121 341 2174 tentationes
350 2119 396 2172 rel
405 2119 596 2173 adversitates.
768 2111 775 2120 ¹

95 2205 119 2256 3.
137 2205 200 2257 Non
221 2211 263 2256 est
280 2202 363 2256 homo
383 2219 496 2256 securus
516 2221 533 2255 a
550 2205 747 2258 tentationibus
765 2213 837 2260 tota·

45 2289 122 2352 liter,
133 2287 262 2357 quamdiu
271 2290 384 2352 vixerit,
401 2289 466 2357 quia
474 2290 503 2340 in
512 2289 592 2341 nobis
603 2296 658 2353 cst,
668 2289 740 2345 unde
749 2297 838 2344 tenta·

46 2387 119 2436 mur,
130 2388 163 2424 cx
173 2369 226 2441 quo
236 2374 265 2424 in
276 2374 498 2440 concupiscentia
507 2375 564 2428 nati
574 2389 675 2427 sumus.
710 2377 770 2428 Una
779 2383 837 2430 ten-

46 2456 151 2508 tatione
170 2471 220 2508 seu
238 2457 416 2512 tribulatione
433 2457 582 2512 recedente
598 2459 653 2510 alia
671 2463 837 2528 supervenit,

48 2548 75 2595 ct
89 2555 198 2606 semper
211 2542 315 2610 aliquid
329 2543 366 2594 ad
384 2544 543 2611 patiendum
561 2542 730 2597 habebimus.
766 2544 838 2598 uam

46 2626 147 2677 bonum
161 2621 302 2679 felicitatis
316 2634 429 2681 nostrae
447 2628 624 2696 perdidimus.
659 2629 740 2681 Multi
755 2644 837 2697 quas·
900 2639 904 2650 “

98 2764 115 2802 1.
122 2759 172 2802 Jot.
181 2763 201 2808 7,
211 2764 227 2802 t.
272 2765 283 2803 1
299 2761 359 2804 Pstr.
369 2767 389 2813 b,
398 2768 418 2806 8.
598 2785 602 2792 ·

584 2837 607 2888 B
617 2838 633 2885 2
