2080 3058
173 153 242 206 tte·
413 153 465 202 nn
489 127 730 202 immisione

170 273 214 323 nis
230 271 327 324 umbra
342 257 524 336 contemplari
536 270 640 338 possis:
661 269 749 320 dilata
767 284 817 322 eor
834 275 934 333 tuum,
954 279 981 321 et

172 354 247 404 omni
257 353 397 407 desiderio
407 351 479 407 hane
492 361 615 406 sanctam
625 355 839 422 inspirationem
852 355 978 420 suscipe.

171 437 267 490 Redde
282 437 465 505 amplissimas
477 454 614 504 supernae
627 439 747 490 bonitati
761 439 889 505 gratias,
907 452 977 506 quae

171 527 262 574 tecum
271 523 312 574 sie
323 521 470 588 dignanter
479 523 547 590 agit,
563 523 712 574 clementer
721 523 826 584 visitat,
840 521 978 574 ardenter

172 606 288 669 excitat,
307 610 436 673 potenter
450 605 589 670 sublevat,
609 621 643 657 ne
657 607 771 675 proprio
788 606 922 674 ppndere
942 605 976 656 ad

170 696 282 742 terrena
294 689 407 741 labaris.
443 687 541 757 Neque
556 691 628 740 enim
643 687 697 742 hoc
712 691 838 770 cogitatu
853 696 907 742 tue
929 698 977 743 aut
1021 725 1022 762 p

171 779 272 825 conatu
282 774 393 840 accipis,
406 773 456 825 sed
466 775 528 826 sola
538 775 700 843 dignatione
710 789 849 841 supernae
860 777 975 842 gratiae

171 863 199 908 ct
208 857 293 908 divini
301 864 457 924 respectus:
478 866 612 927 quatenus
622 860 650 910 in
660 859 807 911 virtutibus
823 865 853 911 et
866 862 974 928 nraJcn'

169 938 325 995 humilitate
340 943 470 1013 proficias
485 951 514 996 et
527 945 564 996 ad
577 944 672 996 funus
686 944 838 996 certamina
847 953 877 995 te
891 959 974 1010 prue-

169 1041 264 1092 pares,
279 1024 401 1096 mihique
416 1034 476 1080 toto
488 1029 580 1082 cordis
591 1027 694 1082 affeetu
704 1027 861 1080 adhaerere
871 1043 908 1080 ac
918 1027 973 1080 fer·

168 1111 244 1162 venti
252 1111 396 1165 voluntate
406 1113 519 1166 studeas
530 1113 679 1168 deservire.

218 1198 244 1245 2.
262 1196 330 1260 Fili,
345 1211 431 1263 saepe
444 1198 517 1264 ignis
532 1199 623 1262 ardet,
638 1197 688 1252 sed
698 1199 758 1250 sine
768 1196 845 1250 fumo
857 1196 972 1250 flamma

170 1295 226 1330 non
240 1281 373 1333 ascendit.
410 1281 457 1334 Sic
477 1289 505 1333 ct
522 1283 678 1352 aliquorum
694 1282 834 1335 desideria
853 1283 891 1333 ad
908 1299 970 1336 coe·

170 1364 253 1416 lestia
267 1363 399 1432 flagrant,
415 1371 444 1418 et
458 1373 549 1418 tamen
564 1383 581 1418 a
596 1368 749 1419 tentatione
764 1350 885 1419 carnalis
902 1365 971 1418 affe-

170 1453 230 1498 ctus
244 1448 326 1500 liberi
340 1463 396 1499 non
409 1454 481 1500 sunt.
515 1450 623 1504 Idcirco
638 1467 689 1504 nec
705 1452 816 1503 omnino
831 1467 902 1518 pure
918 1466 969 1519 pro

170 1529 276 1583 honore
285 1532 341 1583 Dei
351 1539 450 1600 egunt,
466 1534 606 1601 quedtam
617 1535 808 1590 desideranter
823 1536 858 1587 ab
875 1551 911 1587 eo
923 1551 969 1602 pe·

169 1620 238 1666 tunt
274 1616 345 1670 Tale
361 1623 404 1669 est
418 1624 531 1670 ettuum
547 1610 824 1686 saepe'desiderium,
840 1619 918 1688 qued
930 1621 968 1670 in-

139 1741 145 1747 .
169 1700 287 1752 sinuasti
300 1701 363 1754 fore
378 1707 435 1752 tam
448 1703 644 1770 importunum.
678 1704 741 1756 Non
761 1704 832 1756 enim
852 1713 897 1756 cst
916 1703 968 1756 hoc

169 1799 267 1850 purum
283 1793 311 1838 et
324 1785 493 1855 perfectum,
507 1787 580 1856 qnod
590 1789 704 1855 propria
717 1788 916 1840 commoditate
927 1794 967 1840 est

168 1867 311 1922 infectum.

219 1954 243 2006 3.
262 1953 340 2020 Pete,
352 1971 406 2006 non
417 1957 491 2025 quod
500 1959 549 2009 tibi
562 1966 605 2010 est
619 1955 783 2009 delectabile
802 1963 830 2009 et
845 1966 966 2008 comme·
1021 1933 1022 1936 Ἴ

168 2037 246 2102 dum,
262 2039 312 2090 sed
322 2041 396 2107 quod
410 2041 477 2093 mihi
493 2053 535 2094 est
550 2041 721 2110 acceptabile
737 2045 820 2109 atquc
834 2038 965 2093 honorii·
1022 2039 1023 2082 ἶ

169 2138 242 2174 cum:
261 2124 327 2192 quia
341 2125 365 2175 si
379 2132 455 2177 recte
463 2126 586 2193 judicas,
600 2140 692 2178 meam
702 2125 906 2177 ordinationem
916 2132 963 2177 tuo

104 2237 107 2244 ι
168 2205 308 2259 desiderio
324 2213 353 2258 et
367 2211 442 2261 omni
452 2210 610 2264 desiderate
621 2208 764 2277 praeferre
775 2209 860 2260 debes
868 2224 909 2266 ,ac
922 2225 963 2260 se·

168 2290 223 2357 qni.
258 2289 332 2343 Novi
346 2291 514 2344 desiderium
529 2299 605 2346 tuum
625 2304 652 2346 et
666 2294 826 2362 frequentes
845 2295 962 2361 gemitus
1022 2327 1023 2360 3

168 2371 270 2425 audivi.
304 2375 367 2427 Jam
376 2377 463 2430 velles
474 2393 536 2430 esse
545 2379 574 2429 in
583 2377 713 2431 libertate
725 2379 835 2446 gloriae
844 2377 962 2428 filiorum
1022 2435 1023 2440 Ἰ

168 2456 235 2518 Dei;
250 2455 308 2522 jum
323 2463 351 2509 te
362 2460 483 2512 delectat
492 2461 590 2512 domus
604 2468 720 2514 aeterna
734 2469 763 2515 et
777 2461 906 2514 coelestis
915 2475 961 2527 pa·

167 2539 221 2589 tria
234 2539 339 2604 gaudio
354 2541 448 2607 plena:
467 2544 518 2595 sed
532 2543 818 2597 nondumvenithora
831 2546 899 2608 ista,
914 2544 962 2596 sed

168 2626 211 2671 est
220 2619 310 2674 adhuc
320 2624 396 2675 uliud
406 2633 522 2691 tempus,
533 2628 640 2678 scilicet
651 2634 760 2696 tempus
768 2628 846 2691 belli,
856 2635 962 2694 tempus
1022 2643 1023 2646 ’

170 2703 273 2753 tuberis
289 2709 318 2755 et
326 2708 508 2770 probationis.
545 2712 631 2777 optas
646 2727 753 2763 summo
767 2712 870 2778 repleri
879 2712 960 2774 bono,
