2066 3064
188 186 344 234 CHRISTI
376 187 706 242 Lis.111.,car.2o.eo.
792 187 841 241 135

40 301 184 352 auxilium
197 315 287 368 neque
300 301 368 354 utile
378 301 537 365 missilium,
552 301 602 354 sed
614 317 703 369 neque
714 302 841 356 durabile

38 384 211 452 remedium.
246 383 301 437 Sed
313 385 372 451 iarn
380 391 503 438 rosumto
513 387 611 452 spiritu
622 391 687 452 post
695 391 842 452 tempesta·

40 477 104 522 tem
112 468 310 522 reconvalesce
319 469 415 522 inluta
420 471 627 522 miserationum
632 484 767 522 mearum:
778 471 843 538 quia

42 566 138 619 prope
153 566 227 614 sum,
243 551 324 614 (dicit
332 553 492 617 Dominus).
502 559 534 606 ut
546 561 701 606 restaurem
714 553 843 606 universa

42 651 104 692 non
114 635 207 686 solum
215 636 333 702 integre,
343 635 394 705 sod
404 642 432 688 et
441 637 613 690 abundanter
622 653 655 690 ac
666 636 811 690 cumulate.

99 733 126 781 2.
144 730 284 798 Numquid
293 730 360 782 mibi
371 731 519 799 quidquam
534 732 715 795 saronicus,
730 737 779 784 aut
793 745 841 784 ero

45 815 152 869 similis
170 814 273 867 dicenti
291 821 320 868 at
336 831 392 867 non
410 814 540 870 iacientii
563 817 616 870 Ubi
634 822 677 870 est
690 816 759 869 tides
779 813 842 866 tuat

47 899 102 952 Sta
116 899 232 951 tirmiter
251 904 279 952 et
292 907 509 966 perseveranter.
544 901 612 952 Esto
630 901 796 972 longanimis
815 906 844 952 et

47 985 93 1035 vir
102 982 200 1047 iortis;
212 984 305 1036 veniet
314 983 364 1036 tibi
374 984 701 1051 comulatiointompore
709 999 769 1036 suo.
789 985 842 1036 Ex·
937 985 946 990 ’

46 1071 363 1134 spontanearum&
382 1068 688 1120 remametourabote.
711 1068 842 1120 Teutatio

48 1158 103 1214 est,
115 1165 186 1218 quae
195 1155 224 1202 te
233 1157 325 1213 vexat,
335 1155 363 1202 et
371 1149 491 1204 formido
501 1166 581 1214 rana,
593 1165 664 1218 quse
674 1157 702 1204 to
712 1156 842 1204 exterret

10 1255 11 1258 ¹
50 1234 127 1296 Quid
140 1223 272 1301 inportat
285 1234 445 1288 sollicitudo
459 1234 603 1287 defuturis
613 1235 843 1302 contingentibus,

51 1318 104 1369 nisi
115 1319 295 1369 uttristitiam
304 1333 388 1385 super
396 1319 536 1372 wistitiam
547 1317 667 1372 baberet
701 1317 844 1372 Sufficit

53 1403 125 1456 diei
143 1403 279 1456 malitia
296 1418 366 1454 suu.
402 1403 508 1458 Vanum
523 1410 566 1458 ost
580 1411 608 1457 ot
621 1403 717 1456 inutile
727 1403 762 1455 do
771 1401 843 1456 futu-

53 1489 92 1540 ris
111 1488 270 1540 connrhari
287 1487 332 1540 vel
350 1488 499 1555 gratulari,
523 1504 595 1557 quae
612 1487 687 1542 forte
707 1501 844 1554 uunquam

55 1574 189 1626 evenient.

106 1657 130 1708 3.
150 1655 206 1710 Sed
219 1654 366 1709 humanum
380 1662 423 1710 est
435 1653 592 1722 hujusmodi
603 1657 845 1725 imaginationibus

56 1740 150 1804 illudi,
168 1747 195 1791 et
204 1741 281 1806 parui
292 1738 382 1793 adbuo
391 1741 657 1807 auinuisiguurutam
666 1739 845 1794 levitertrabi

57 1841 74 1876 a
88 1826 267 1892 suggestione
281 1825 394 1876 inimici.
414 1824 489 1891 'lpse
504 1825 576 1876 euim
586 1839 640 1876 uon
650 1831 742 1886 curat,
755 1831 845 1874 utrum

56 1911 129 1962 varis
138 1924 174 1960 au
183 1908 263 1962 falsis
272 1907 372 1960 illudat
381 1912 410 1958 et
419 1906 550 1972 decipiat3
560 1915 652 1960 utrum
660 1909 845 1974 praesentium

58 2008 151 2046 amore
162 1999 210 2045 aut
219 1992 374 2044 intuitorum
384 1990 531 2042 formidine
541 1997 705 2057 prosternat
732 1990 794 2044 Non
804 2006 846 2042 er-

45 2093 93 2164 'go
102 2078 228 2128 turbetur
238 2081 370 2128 cortuum
383 2089 472 2141 neque
482 2072 621 2128 ionuidet.
657 2073 746 2126 crede
759 2074 787 2126 io
801 2089 846 2125 me

58 2160 322 2214 etiumisorioordia
331 2174 393 2212 mea
402 2156 502 2211 habeto
513 2158 649 2210 fiduciam.
685 2158 802 2221 Quando
816 2165 846 2210 tn

56 2255 135 2313 putes
147 2251 177 2296 te
191 2245 350 2311 elongatum
369 2258 386 2293 a
399 2258 457 2306 me,
476 2255 560 2308 saepe
578 2257 639 2294 sum
656 2242 845 2310 propinquior.

58 2328 172 2392 Quando
182 2335 213 2379 tu
223 2329 354 2380 aestimas
363 2342 453 2394 paene
461 2332 549 2378 totum
559 2307 776 2392 puutumnune
784 2342 844 2380 sre-

56 2430 90 2482 pe
99 2414 187 2480 majus
199 2412 321 2464 merendi
331 2413 414 2463 instat
423 2411 536 2474 luorum.
564 2409 845 2477 Nonesttotumper·

59 2498 151 2559 ditum,
162 2496 272 2564 quaudo
281 2511 327 2548 ras
338 2495 438 2547 accidit
445 2496 474 2546 iu
484 2496 658 2548 corvarium.
688 2495 750 2548 Nou
761 2494 845 2548 debes

56 2579 846 2650 judionesemndunpraesenssentite,ueasiogrevitati

114 2753 134 2790 2
150 2745 231 2790 biettb-
242 2748 304 2796 ⁶2³4·
