2084 3064
195 190 352 242 onmsul
386 193 451 238 Lus.
469 193 512 238 lv.
535 194 609 238 can.
628 197 650 240 9.
662 196 701 242 1⁰.
795 194 862 244 223*

54 307 162 368 valeas,
182 309 210 356 et
228 311 325 358 contm
338 307 481 358 universas
493 307 661 368 tentationes
676 313 704 358 et
718 308 845 360 fallacias

55 391 161 445 diaboli
169 389 270 442 fortior
280 395 363 456 atque
372 389 533 456 vigilantior
543 389 615 440 effici
623 393 766 442 mercule.
792 393 845 443 lni-

53 479 142 529 micus
151 475 249 538 eniens,
256 472 375 524 fructum
386 473 570 525 ottemedinm
577 474 846 538 maximuminsaora

54 559 246 630 communione
259 556 393 624 positum,
409 562 484 607 omni
493 556 576 609 modo
587 564 616 609 et
625 559 773 610 occasione
782 558 844 608 niti·

51 639 203 696 condoles
214 645 243 692 et
251 639 381 703 devotos,
392 646 522 707 quantum
531 641 687 707 praevalet,
701 639 845 694 retrahere

53 733 83 782 et
91 723 233 792 impedire.

102 813 129 860 2.
147 808 296 862 cumcuim
307 807 418 875 quidam
427 821 524 860 sactae
535 810 720 862 communioni
729 824 759 862 se
768 814 845 875 optas

51 909 85 948 re
94 891 367 959 disponuntpejores
376 897 491 944 satanae
500 894 686 946 immissiones
695 895 844 960 patiuntur¹

50 981 116 1046 lpse
126 976 378 1043 nequamspiritus,
393 975 523 1028 utinlob
533 977 676 1041 scribitur,
690 979 765 1030 venit
773 978 845 1028 inter

51 1063 128 1114 lilios
137 1061 206 1123 Dei,
221 1063 251 1110 ut
265 1060 349 1111 solita
362 1060 428 1111 illos
441 1061 566 1128 nequitia
579 1073 630 1111 suu
641 1061 785 1127 peruubet
798 1066 847 1111 out

50 1141 167 1200 timidos
182 1145 295 1194 nimium
307 1144 408 1196 reddat
418 1149 447 1196 et
455 1143 615 1212 conplexos:
634 1150 768 1211 quatenus
778 1142 846 1195 affe·

51 1211 128 1282 otum
138 1241 234 1279 corum
242 1228 348 1280 minuat
356 1228 402 1280 vol
410 1228 493 1282 fidem
501 1228 687 1297 impugnando
697 1227 846 1291 auferatsi

49 1313 129 1366 forte
140 1317 188 1361 aut
197 1313 308 1363 omnino
319 1315 538 1366 communionem
546 1314 712 1382 relinquant,
727 1319 775 1366 out
784 1328 846 1364 cum

48 1403 151 1463 tepore
166 1394 308 1447 accedant.
343 1396 399 1449 Sed
413 1412 468 1449 non
483 1404 526 1448 est
535 1397 683 1466 quidquam
696 1395 845 1448 curandum

49 1481 85 1534 de
96 1480 228 1532 versutiis
240 1485 269 1532 et
276 1479 429 1546 phantasiis
443 1480 533 1544 illiue,
553 1482 753 1549 quantumlibet
760 1483 845 1548 turpi·

47 1566 103 1618 bus
124 1568 153 1618 et
171 1561 305 1628 horridis3
324 1565 374 1617 sed
393 1572 491 1618 cuncta
509 1563 701 1632 phantasmate
718 1567 747 1616 in
765 1571 848 1632 caput

48 1651 112 1718 ejus
122 1649 392 1717 suntretorqnenda.
428 1650 649 1703 Contemnendus
664 1655 707 1702 est
720 1650 805 1701 minen
819 1656 847 1701 et

48 1731 845 1801 defidendns,neopropterilnsultnsejusctcommotiones,

47 1829 122 1884 quse
132 1818 258 1881 suscitat,
268 1831 348 1869 sanna
358 1824 401 1870 eet
411 1817 563 1870 omittenda
572 1817 737 1869 communio.

100 1902 128 1955 3.
139 1901 238 1970 ,Saepe
249 1899 459 1969 etiamimpedit
471 1903 557 1953 nimia
569 1900 789 1966 sollicitudoque
800 1898 846 1951 de·

45 1986 167 2036 votione
176 1984 304 2038 habenda
314 1992 342 2038 et
351 1987 476 2037 anxietas
487 1985 663 2053 quaedamde
670 1983 847 2038 confessione

46 2069 192 2120 facienda.
226 2072 285 2138 Age
303 2069 453 2122 secundum
467 2071 613 2123 eonsilium
630 2071 799 2136 sapientum,
819 2076 847 2120 et

46 2152 162 2218 depone
178 2155 345 2206 anxietatem
358 2161 387 2206 et
400 2155 570 2221 scrupulum,
586 2155 651 2222 quia
664 2154 782 2221 gratiam
792 2152 846 2206 Dei
899 2155 901 2160 '

44 2235 170 2302 impedit
179 2241 207 2287 ct
216 2235 392 2289 devotionem
400 2239 636 2291 mentis-destruit.
669 2239 788 2304 Propter
798 2239 846 2290 ali·

47 2333 135 2387 qnam
149 2333 262 2386 parvam
271 2320 457 2376 turbationem
466 2315 685 2390 v'el'gnavitatem
693 2337 801 2374 sacram
811 2337 846 2372 ne

46 2403 177 2454 dimittas
192 2406 425 2470 communionem
444 2407 494 2460 sed
503 2407 574 2460 vade
584 2408 665 2459 eitius
679 2406 805 2458 confiteri
819 2414 847 2458 et

47 2503 151 2540 omnes
161 2486 330 2541 offensiones
341 2490 404 2544 aliie
413 2492 532 2544 libenter
540 2491 663 2558 indulge.
698 2489 729 2542 Si
737 2503 804 2542 vero
816 2500 846 2540 tu

47 2573 177 2639 aliquem
187 2570 846 2642 offendisti,veniambumilitenprecare,etl)eus
890 2561 893 2570 ’

46 2649 406 2724 libenterindulgebittibi.

100 2738 222 2834 43de
235 2741 351 2806 prodest
364 2743 412 2794 diu
430 2742 543 2795 tardere
563 2743 779 2803 confessionem,
799 2749 846 2793 aut
