2080 3058
179 155 228 204 202
418 157 468 204 DE
485 157 725 204 ΙΜΙΤΑΤΙΟΝΕ
826 146 829 152 ’

181 271 210 324 Si
220 275 297 322 tenta
307 272 443 340 agebatur
452 267 639 324 tuuedevotio
655 285 688 322 ae
701 270 912 326 diviuuelaudis
929 290 979 326 ex·

180 355 251 415 stitit
258 356 416 407 recordatio
428 370 522 408 eoram
532 370 597 408 arca
606 357 773 420 testamenti,
789 364 894 424 quanta
903 374 978 411 nune

178 437 245 490 mihi
256 446 285 492 et
293 441 367 491 omni
376 439 480 506 populo
489 437 646 492 christiano
657 437 784 492 habenda
794 446 837 492 est
843 457 977 494 reveren-

175 525 220 582 ,tia
230 513 380 577 st'devetio
390 524 587 589 inpraesentia
597 525 777 588 sacramenti,
791 525 821 576 iu
835 527 979 586 suffitione

180 607 406 660 excellentissimi
415 607 541 674 eorporis
552 605 663 660 Christi.
878 658 881 666 ,
983 671 985 675 Ι

229 692 254 744 9.
274 693 393 744 currunt
410 690 490 742 multi
508 690 545 742 ad
563 690 674 760 diversa
687 691 752 744 leta
764 706 815 759 pre
828 693 978 746 visitandis

68 803 73 812 ·
178 773 304 841 reliquiis
315 774 492 838 Sanctorum,
512 780 541 827 et
558 775 693 827 mirantur
709 775 809 827 auditis
824 777 913 843 gestis
929 793 977 829 eu·

177 873 252 921 rum3
271 858 363 925 ampla
372 859 501 912 aedificia
509 859 674 927 templorum
683 860 840 926 inspiciunt,
856 865 885 910 et
895 875 977 914 oseu-

177 942 271 994 lautur
288 944 385 997 seritis
400 949 429 996 et
443 958 511 998 auro
525 943 651 996 involuta
665 959 746 996 sacra
760 958 826 996 ossa
838 944 975 1010 ipsarum.

177 1027 214 1080 Et
229 1043 307 1092 ecee,
321 1034 352 1080 tu
366 1043 499 1096 praesens
514 1043 544 1080 es
558 1025 604 1080 hic
618 1027 691 1094 apud
701 1029 783 1079 mein
794 1027 884 1090 altari,
896 1028 976 1080 Deus

178 1110 977 1176 meus‚SanetusSauetorum,creatorhominuruetdomi-

178 1212 229 1248 nus
238 1195 416 1266 Angelorum.
440 1197 530 1264 Saepe
539 1197 568 1248 iu
577 1195 680 1248 talibus
689 1195 816 1271 videndis
826 1196 977 1247 euriositas

180 1286 223 1332 est
231 1279 372 1334 hominum
382 1288 411 1334 et
418 1283 527 1334 novitas
536 1280 696 1342 invisorum,
707 1269 736 1332 st
743 1279 870 1332 modicus
878 1294 977 1347 repor-

115 1399 119 1410 „
178 1370 254 1416 tatur
263 1366 464 1420 emendationis
473 1363 589 1427 fructus,
600 1365 720 1416 maxime
728 1363 776 1415 ubi
786 1363 977 1416 esttamlevis

179 1447 491 1500 sinevsraeontritioue
502 1448 650 1500 discursus.
676 1449 733 1500 Hie
742 1446 977 1500 auteminsacra·

179 1533 273 1580 mento
288 1530 385 1582 altaris
401 1535 477 1581 totus
486 1545 619 1596 praesens
634 1546 678 1595 es,
692 1532 769 1584 Deus
783 1545 875 1595 meus,
891 1530 975 1584 homo

181 1610 305 1664 Christus
319 1613 420 1686 ,Ιοειιεει
432 1614 480 1665 ubi
495 1619 525 1666 et
537 1615 668 1681 copiosus
677 1616 829 1683 percipitur
838 1620 976 1668 *aeternae

179 1696 277 1751 salutis
287 1696 402 1762 fruetus,
412 1698 629 1766 quotiescunque
640 1697 727 1752 fueris
737 1699 820 1767 digus
831 1714 865 1752 ae
874 1698 976 1752 devote

178 1787 333 1849 susceptus.
367 1781 409 1838 Ad
427 1782 502 1834 istud
515 1797 582 1836 vero
597 1799 653 1836 neu
667 1782 755 1836 trahit
767 1784 866 1836 levites
881 1783 977 1852 aliqua

99 1909 102 1918 .
176 1861 977 1933 ,ueceuriositesautsensualitas,ssdiirmafides‚devota

179 1967 243 2018 spes
254 1957 282 2004 st
289 1952 399 2006 sineere
408 1953 520 2004 auritas.

229 2037 272 2088 te.
292 2037 471 2090 Oinvisibilis
481 2037 813 2100 conditermuudiDeus‚
830 2051 914 2104 quam
926 2038 976 2088 mi-

179 2121 306 2174 rabiliter
324 2122 385 2188 agis
404 2121 562 2185 nobiscum,
578 2135 660 2188 quam
673 2122 796 2173 suaviter
811 2126 839 2173 et
849 2122 976 2188 gratiose
1028 2169 1031 2176 .

181 2219 242 2256 cum
259 2205 355 2258 electis
368 2205 424 2258 tuis
438 2204 577 2272 disponis,
593 2205 691 2272 qrribus
700 2193 885 2272 temetipsum
894 2205 923 2256 in
934 2219 976 2257 sa-

180 2294 320 2340 cramente
331 2287 491 2340 sumendum
502 2287 647 2356 preponis!
665 2289 730 2340 Hoe
739 2303 856 2356 namque
867 2303 976 2340 omnem

179 2371 350 2425 intellectum
359 2371 880 2440 superat;hoespseialiterdsvotorum
890 2373 977 2424 eorda

179 2453 266 2504 trahit
275 2461 304 2505 st
312 2455 440 2508 aseendit
448 2455 588 2508 effectum.
609 2459 665 2523 Ipsi
675 2458 748 2508 euim
756 2455 919 2510 verifldelss
926 2457 976 2518 tui,

181 2538 228 2602 qui
242 2542 330 2590 tutem
339 2540 424 2590 vitem
437 2554 517 2592 suem
529 2539 566 2590 ad
581 2540 803 2592 emendationem
817 2538 975 2606 disponunt,

182 2630 218 2668 ex
232 2615 285 2670 hec
299 2619 460 2687 dignissimo
480 2629 653 2676 seeramsnto
672 2638 801 2690 maguam
817 2623 974 2674 devotionis

182 2702 300 2763 gratiam
311 2708 340 2754 et
347 2704 456 2756 virtutis
467 2721 589 2758 amorem
599 2706 758 2774 frequenter
766 2706 911 2772 recipiunt.
