2080 3058
158 172 329 252 unimur.
349 173 497 220 canisr.
524 147 650 222 cmiv.
668 177 741 222 cn.
757 178 780 222 l.
819 174 868 226 199

294 473 519 558 ΙὀΑΡυΤ
558 489 588 544 n

13 649 14 678 3
101 619 163 672 Cum
184 631 286 688 quanta
305 622 452 674 reverentia
474 621 594 675 Christus
614 623 649 674 ait
665 621 850 690 mscipicndus.

274 805 277 816 ·
310 787 396 850 Vox
417 786 641 852 Discrnunr.

130 965 155 1014 1.
173 942 262 1030 Haec
270 971 333 1018 aunt
342 966 427 1018 verba
435 971 492 1030 tua,
503 965 623 1030 Christe,
633 969 735 1019 veritas
746 974 867 1032 aeterna,

13 1047 15 1058 '
84 1051 204 1116 quamvis
222 1065 277 1102 nen
296 1067 350 1102 uno
364 1056 489 1119 tempore
503 1051 613 1118 prolata
629 1066 682 1104 nec
695 1068 750 1104 uno
765 1055 793 1102 in
807 1054 869 1106 loco

84 1135 246 1202 conscripta.
282 1135 354 1196 Quia
369 1150 436 1203 erge
450 1141 499 1186 tua
513 1142 576 1188 sunt
594 1141 714 1197 civem,
730 1115 872 1202 gratante}

83 1215 147 1268 mihi
157 1223 186 1270 et
194 1218 314 1271 fideliter
324 1225 422 1271 cuncta
430 1225 494 1271 sunt
503 1218 671 1285 accipienda.
691 1221 753 1270 Tua
762 1226 834 1282 nunt,
845 1229 873 1271 ct

83 1307 111 1352 tu
121 1315 156 1354 ea
165 1303 328 1369 protulisti3-
338 1310 365 1364 ei
374 1319 436 1357 mea
446 1319 555 1371 quoque
564 1309 636 1366 sunt,
648 1305 713 1371 quia
721 1319 771 1370 pro
782 1304 872 1356 salute

82 1401 144 1438 mea
163 1401 197 1438 ea
216 1386 336 1440 edidisti.
371 1389 504 1440 Libenter
517 1388 637 1453 suscipio
654 1403 688 1438 aa
701 1401 736 1439 ex
751 1375 799 1440 cre
813 1394 871 1454 tuo,

81 1476 110 1520 nt
121 1472 223 1522 arctius
233 1457 389 1523 inserantui
400 1472 478 1524 cordi
486 1487 558 1523 mec.
593 1471 722 1524 Excitant
734 1487 778 1524 me
787 1474 872 1525 verba

80 1560 175 1607 tantae
190 1555 316 1622 pietatis,
331 1557 413 1624 plena
428 1555 580 1608 dulcedinis
596 1562 624 1608 ct
635 1555 805 1620 dilectionis3
823 1557 872 1610 sed
944 1559 950 1569 “

80 1631 486 1707 terrentme'delictaprcpria‚
503 1646 531 1692 et
539 1641 575 1690 ad
585 1641 719 1709 capienda
728 1647 805 1692 tanta
813 1657 872 1709 my-

81 1724 169 1774 steria
181 1739 225 1774 mc
236 1724 397 1776 reverberet
405 1725 514 1790 impure
523 1726 700 1776 conscientia.
735 1726 878 1784 Provocat,

81 1822 125 1860 me
136 1807 254 1860 dulcedo
264 1809 410 1860 verborum
419 1811 543 1868 tuorum,
559 1806 610 1858 sed
620 1815 718 1858 onerat
726 1808 871 1858 multitudo

81 1891 220 1942 vitiorum.

78 2015 82 2022 .
133 1977 157 2024 2.
175 1975 273 2040 luber,
289 1982 321 2027 ut
329 1974 495 2027 fiducialiter
505 1973 540 2023 ad
550 1978 578 2024 tc
588 1972 731 2036 accedam,
748 1975 773 2026 si
782 1980 872 2024 tecum

81 2059 165 2110 velim
179 2057 281 2112 habere
295 2065 416 2127 partem,
432 2064 461 2110 et
474 2063 504 2108 ut
513 2057 729 2109 immortalitatis
739 2057 872 2122 accipiam

78 2142 254 2207 alimoniam,
273 2144 299 2196 ei
315 2148 457 2194 aeternam
474 2143 587 2208 cupiam.
601 2141 724 2193 obtinere
743 2141 826 2190 vitam
845 2148 873 2193 et

82 2227 210 2294 gloriam.
244 2227 380 2288 Venite,
406 2227 511 2292 inquis,
537 2225 577 2276 ad
602 2241 650 2280 me
676 2238 790 2277 omnes
817 2227 873 2292 qui

81 2311 254 2363 laboratis
274 2316 306 2362 et
323 2310 457 2360 onerati
474 2311 572 2372 estis,
589 2316 622 2360 et
637 2323 698 2376 ego
713 2307 872 2360 reficiam

81 2409 150 2447 voe.
186 2394 300 2447 Odulce
316 2400 344 2446 et
354 2395 498 2446 amicabile
508 2393 620 2446 verbum
629 2395 658 2442 in
668 2399 873 2459 aure-peceato-

81 2481 134 2542 τίς,
150 2476 225 2546 quud
234 2485 276 2542 tu,
285 2479 405 2530 Domine
414 2479 490 2530 Deus
501 2491 592 2540 meua,
608 2492 724 2544 egenum
734 2484 873 2546 etpaupe·

81 2561 872 2628 reminvitasadcommunionemtiricanctiarimicu'rperic.

85 2664 410 2684 ....--——-·--4-

138 2736 159 2774 ².
174 2729 256 2774 Mattl.
268 2732 300 2777 11,
310 2731 345 2770 28.
