2084 3064
182 220 251 272 lot·
424 222 481 268 DE·
491 218 731 269 lllilsTATIONE

183 339 233 391 des
243 338 294 390 uhi
302 353 353 405 pro
364 335 407 389 his
418 337 565 390 debentur!
601 338 624 389 0
635 351 717 406 quam
730 338 853 390 salutare
869 345 898 392 et
909 340 974 392 utile

177 424 329 488 ,consilium
342 428 432 484 tuum,
448 437 509 474 oum
517 423 592 473 istud
601 420 757 474 instituisti!
788 423 976 485 Quamsuare

185 513 213 560 et
218 507 368 575 jucundum
378 507 540 569 convivium,
548 522 609 558 oum
617 511 646 558 te
655 507 884 573 ipsumincibum
894 509 976 561 dona·
1026 569 1027 574 ἵ

183 590 232 644 stil
252 593 274 644 0
286 605 369 659 quam
378 591 548 642 admirabilis
559 592 684 658 operatio
695 592 887 656 tua,Domine‚
897 609 976 661 quam

182 671 448 743 potensvirtustua,
465 673 895 746 quam·ineffabilisveritasttral
929 678 976 732 Di-

183 761 249 811 xisti
268 760 353 822 enim,
370 764 397 810 et
411 757 563 827 factasunt
577 761 681 812 omnies
701 757 793 812 othoo
806 757 913 812 factum
928 768 975 824 est,
1025 769 1027 874 p

184 843 259 913 quod
268 844 329 910 ipse
335 843 452 909 jussisti.
1026 875 1027 908 3

234 927 259 978 5.
278 927 352 978 Mira
359 941 405 978 res
416 930 444 978 et
453 925 507 978 fide
518 926 603 994 digna
617 943 650 980 ao
660 925 808 980 humanum
817 928 931 982 vincens
941 931 977 980 in·
1005 919 1008 930 '
1026 913 1027 930 ¹

183 1011 339 1077 tellectum,
355 1010 429 1078 quod
438 1016 477 1073 tu,
486 1011 606 1064 Domine
616 1009 692 1064 Deus
702 1009 793 1074 meus,
808 1027 891 1064 verus
901 1013 976 1065 Deus

184 1102 212 1149 et
222 1095 314 1160 homo,
323 1096 374 1147 suh
383 1094 493 1146 modica
502 1097 595 1163 specie
604 1097 683 1163 panis
694 1097 786 1148 etvini
795 1096 907 1162 integer
916 1112 977 1148 eon·

183 1180 281 1234 cineris
298 1185 326 1231 et
340 1180 400 1230 sine
416 1182 606 1233 consumtione
624 1195 641 1230 a
653 1184 778 1231 sumente
792 1180 978 1238 manducaris.

184 1267 238 1329 Tu„
246 1264 367 1320 Domine
376 1264 578 1326 universorum,
585 1260 636 1331 'qui
646 1263 747 1314 nullius
757 1261 844 1315 habes
853 1265 978 1332 indigen·

183 1351 263 1414 tiam,
277 1349 390 1400 voluisti
399 1363 449 1414 per
458 1355 660 1404 sacramentum
669 1355 746 1398 tuum
755 1345 883 1400 habitare
893 1351 923 1400 in
932 1364 979 1400 no·

182 1434 240 1495 his;
259 1446 550 1486 conservacormeum
565 1431 978 1498 etcorpusimmaculatum·,'ut
1026 1417 1027 1424 ἵ

182 1514 977 1583 laetaetpuracouscientiasaepiustuavaleamcelebra·

182 1597 977 1672 romysterioetadmeamporpetuamacciperesalutem

183 1699 254 1752 quac
270 1683 306 1734 ed
315 1689 391 1738 tuum
401 1683 549 1750 praecipue
560 1681 694 1738 honorem
708 1689 736 1751 et
744 1684 908 1737 memoriale
919 1701 978 1752 per·

99 1779 105 1791 ·
185 1785 254 1822 enne
264 1768 380 1828 sanxisti
390 1773 417 1819 et
426 1767 577 1821 iustioristi.

234 1855 257 1906 d.
276 1855 398 1916 Laetare
417 1853 509 1912 anima
527 1866 602 1915 mea,
622 1857 651 1903 et
664 1851 769 1918 gratias
784 1867 837 1919 age
848 1853 912 1905 Deo
927 1869 976 1921 pro

183 1947 240 1992 tam
254 1939 341 1990 nobili
354 1951 467 1993 munere
483 1942 511 1988 et
524 1936 626 1993 solatio
642 1935 776 2002 singulari
786 1937 815 1986 in
825 1933 878 1989 hac
888 1938 978 2005 lacry-

121 2079 125 2086 ,
183 2039 289 2076 marum
303 2021 376 2073 valle
390 2021 440 2090 tibi
452 2020 561 2072 relicto.
596 2019 667 2078 Nam
682 2021 791 2086 quoties
806 2019 977 2089 hoc-‚mysia

174 2111 253 2181 ¹rium
262 2106 364 2160 recolis
374 2111 404 2158 et
413 2103 516 2163 Christi
524 2119 624 2171 corpus
635 2104 751 2170 accipis,
763 2106 847 2156 toties
858 2112 926 2159 tuae
934 2123 976 2159 re·

184 2195 329 2246 demtionis
345 2205 414 2258 opus
427 2191 527 2256 agis'et
534 2189 673 2256 particeps
685 2189 806 2246 omnium
814 2192 989 2244 meritorum

184 2277 285 2330 Christi
304 2275 431 2334 efficeris
468 2273 576 2332 Caritas
596 2273 698 2334 etenim
717 2271 820 2324 christi
838 2289 978 2344 nunquam

182 2364 325 2423 minuitur,
341 2364 369 2410 et
380 2357 540 2425 magnitudo
551 2358 757 2424 propitiationis
768 2359 828 2425 ejus
837 2374 977 2428 nunquam

124 2452 127 2458 '
184 2443 350 2496 exhauritur.
385 2443 452 2494 Ideo
471 2457 543 2494 nova
559 2457 669 2516 semper
681 2443 781 2494 mentis
793 2446 977 2497 renovatione

184 2528 220 2578 ad
237 2526 291 2577 hoc
307 2527 454 2600 disponere
468 2532 496 2578 te
512 2525 597 2579 debes
616 2533 645 2579 et
662 2542 792 2595 magnum
806 2528 906 2580 salutis
920 2544 978 2596 my·

183 2609 296 2661 sterium
320 2615 425 2660 attenta
448 2611 671 2663 consideratione
694 2626 821 2679 pensare.
856 2612 901 2664 lta
922 2628 978 2664 ma·

184 2707 274 2759 gnum,
294 2707 394 2742 novum
412 2699 440 2744 et
455 2695 605 2760 jucundum
622 2696 674 2746 tibi
692 2694 897 2760 videri‘dehet‚
918 2711 977 2748 eum

184 2776 308 2828 celebras
324 2780 372 2824 aut
380 2777 491 2828 missam
502 2778 594 2842 audis,
609 2794 642 2831 ac
651 2779 676 2830 si
685 2779 784 2831 eodem
795 2779 840 2832 die
852 2779 977 2834 Christus
