2084 3064
228 195 386 242 GHRlSTl
418 196 484 240 bra.
502 194 543 239 lv.
563 195 636 238 cnr.
655 196 678 239 1.
690 195 713 238 2.
813 195 863 243 205

17 291 18 296 Ἰ
70 318 166 366 tatem.
201 309 320 377 Propter
336 286 529 376 temetipsum
547 310 620 361 enim
638 307 692 359 boc
709 307 789 371 iacis,
810 323 865 359 non

70 401 186 464 propter
194 395 378 456 meamcrita,
392 392 676 446 utbonitastuamibi
685 393 773 459 magis
788 393 865 444 inno·
963 400 967 408 ’

70 485 173 543 terreat,
189 479 291 532 caritas
301 478 418 544 amplior
430 478 574 546 ingeratur
588 482 616 529 et
625 475 765 530 humilitas
775 478 866 544 perie-

29 565 32 574 ’
72 567 143 618 etius
158 562 372 617 commendetur.
409 561 481 624 Quia
496 577 563 630 crgo
573 562 625 613 tibi
634 562 689 614 hoc
696 563 791 632 placet
800 568 867 613 etto

17 665 18 672 ¹
72 651 114 701 sic
122 648 183 699 fieri
189 647 306 714 jussisti,
312 645 405 713 placet
415 652 444 698 ct
451 645 518 699 ntihi
524 646 715 714 (lignatiotua3
726 657 755 698 ct
763 647 867 697 utinam

72 733 206 800 iniquitas
214 745 278 783 mea
286 745 342 781 nou
352 731 481 783 obsistat!

122 835 148 884 2.
168 833 191 884 0
203 832 361 884 dulcissime
372 838 400 884 et
409 833 606 900 benignissime
616 834 695 896 lesu,
707 840 810 901 qnanta
818 834 868 885 tibi

73 917 230 970 reverentia
240 917 425 984 mgratiamm
435 917 509 968 actio
520 925 721 985 comperpetus
728 918 811 970 lande
817 932 866 984 pro

17 1071 18 1074 Ἴ
74 1003 249 1068 susceptione
259 1002 331 1052 sacri
342 995 467 1067 corporis
476 1001 518 1052 tui
527 999 652 1064 debenus,
663 1002 740 1067 cujus
751 1001 868 1068 dignita-

74 1092 130 1139 tem
140 1085 230 1138 nullus
241 1082 381 1137 bominum
392 1085 638 1151 explicarepotens
646 1082 800 1136 inveniturt
815 1083 870 1136 Sed

76 1171 141 1238 quid
151 1171 282 1238 cogitabo
292 1171 320 1221 in
331 1167 383 1220 hac
392 1170 593 1231 communione,
603 1169 632 1219 in
643 1183 758 1220 accessu
768 1167 804 1218 ad
814 1167 871 1220 Do-

75 1257 177 1306 minum
186 1269 373 1321 menm,quem
383 1253 476 1304 debite
485 1255 613 1304 venerari
622 1267 730 1321 nequeo
742 1257 870 1305 ettamen
915 1301 917 1309 i

77 1338 176 1390 devote
186 1339 327 1405 suscipere
337 1333 480 1388 desidero!
508 1336 581 1397 Quid
592 1337 722 1404 cogitabo
732 1338 832 1390 melius
843 1346 871 1390 et

76 1422 226 1483 salubrius,
242 1423 297 1473 nisi
305 1437 350 1474 me
358 1424 450 1488 ipsum
457 1421 585 1474 totaliter
592 1419 763 1486 humiliando
776 1437 870 1476 coram

74 1509 103 1559 tc
118 1512 147 1558 et
158 1511 234 1557 tuam
248 1507 381 1557 infinitam
391 1507 544 1560 bonitatem
556 1507 705 1560 exaltando
716 1523 800 1575 supra
809 1506 870 1560 mci

17 1625 18 1670 ᾗ
75 1591 174 1644 Laudo
184 1596 222 1652 te,
232 1592 308 1643 Deus
319 1605 405 1654 meus,
415 1591 585 1674 ¹otexaltoin
595 1597 747 1646 aeternum.
771 1593 871 1660 Despi-

76 1677 119 1729 cio
129 1689 175 1726 me
185 1679 213 1725 et
221 1675 338 1740 subjicio
349 1677 400 1726 tibi
408 1676 437 1726 in
447 1674 613 1742 profundum
623 1677 835 1728 vilitatismeac.

126 1775 151 1826 3.
169 1774 287 1835 Ecce,tu
295 1775 589 1838 SanctnsSanctorum‚
597 1784 626 1827 et
635 1791 688 1844 ego
700 1778 798 1829 sordes
808 1793 870 1844 pec·

76 1866 210 1914 catorum.
246 1857 331 1920 Ecce,
346 1865 376 1924 tu
390 1857 505 1910 inclinas
519 1866 547 1911 te
563 1861 598 1910 ad
612 1877 670 1923 me,
686 1861 733 1928 qui
745 1875 801 1911 non
811 1877 872 1911 sum

77 1946 175 2013 dignus
186 1940 221 1993 ad
230 1947 258 1993 te
268 1942 416 2008 respicere.
451 1943 533 2005 Ecce,
547 1949 578 1994 tu
587 1946 663 1996 venis
675 1945 772 2006 adme,
789 1950 819 1995 tu
828 1947 870 1997 vis

78 2045 139 2082 esse
149 2027 411 2090 mecum,tuinvitas
422 2027 457 2078 ad
467 2027 620 2080 convivium
629 2033 715 2079 tuum.
751 2029 795 2078 Tu
804 2027 872 2080 mibi

77 2115 144 2166 dare
154 2113 195 2172 vis
206 2113 357 2164 coelestem
367 2111 471 2174 cibum,
487 2117 516 2164 et
533 2125 651 2179 panem
665 2111 870 2178 Angelorum

76 2194 421 2250 admanducandum:
455 2211 511 2246 non
535 2195 871 2263 aliumsane,quamte
914 2207 917 2220 ³
961 2259 963 2270 Ι

74 2284 178 2350 ipsum,
201 2295 318 2349 panem
335 2281 456 2344 vivum,
481 2280 592 2348 quide
613 2279 715 2332 coelo
734 2280 871 2332 (lescen-

76 2367 162 2419 disti
181 2360 214 2418 et
232 2365 291 2417 (las
310 2365 413 2416 vitam
430 2365 560 2416 mundo

128 2469 153 2519 4.
171 2467 259 2530 Eece,
278 2467 351 2518 unde
361 2465 474 2518 dilectio
484 2467 624 2534 procedit,
644 2467 733 2535 qualis
747 2467 876 2536 dignatio!
922 2443 924 2448 ι

77 2550 226 2606 illucescit!
248 2542 343 2613 'Quam
351 2565 470 2618 magnae
480 2552 632 2619 gratiarum
643 2553 766 2603 actiones
777 2559 805 2602 et
814 2552 872 2603 lau-

133 2762 154 2801 ³.
170 2755 256 2800 Palm.
267 2761 294 2800 Π
306 2759 363 2814 (to),
373 2759 407 2801 25.
436 2757 519 2804 Joann.
528 2763 548 2810 6,
558 2765 593 2804 33.
