2084 3064
88 193 94 202 ·
171 169 225 218 222
412 171 462 216 DE
484 169 724 217 iniuriosa

176 285 309 347 sentiant,
329 292 357 337 et
369 291 400 335 nt
414 287 448 336 ab
464 285 683 336 oinnibus'malis
700 285 791 351 erepti*
799 285 907 351 gratias
919 285 979 337 tibi

174 369 588 436 magnificandaetipersoivant.
827 373 829 383 ‘
945 388 949 395 ·

224 453 249 504 6.
268 451 363 504 Offero
375 455 458 504 etiam
467 453 518 504 tibi
527 467 625 519 preces
635 457 663 504 et
671 450 777 504 hostias
786 454 975 521 placationis,

173 550 223 604 pro
233 536 290 586 illis
300 537 472 602 specialiter,
483 538 531 604 qni
540 549 584 587 nte
593 537 621 586 in
632 536 724 603 aliquo
735 536 890 601 laeserunt,
902 553 974 590 con-

173 621 350 672 tristaverunt
360 627 408 671 ant
416 621 648 687 vituperaverunt,
658 620 703 671 vel
713 619 825 693 aliquod
835 620 972 672 damnum

173 705 218 754 vel
231 717 378 770 gravamen
395 705 558 767 intulemnt3
575 717 626 771 pro
640 701 684 754 his
698 716 807 771 quoqne
827 705 971 769 omnibus,

173 802 243 862 quos
257 787 405 856 aliqnando
421 788 596 851 contristavi,
615 787 784 850 conturbari,
802 789 919 855 gravavi
940 796 972 840 et

173 871 373 934 scandalizavi,
383 871 485 935 verbis,
496 871 592 935 iactis,
607 872 726 923 scienter
734 870 779 922 vel
787 873 968 938 ignoranter:

172 960 202 1005 ut
210 955 290 1007 nobis
301 956 425 1008 omnibns
437 957 541 1022 pariter
549 955 696 1023 indulgeas
705 959 820 1022 peccata
828 963 929 1008 nostra
940 965 971 1009 et

171 1045 281 1117 mutuas
291 1039 468 1092 offensiones.
501 1037 906 1103 dufer,Domine,acordibus
916 1055 968 1091 no-

172 1124 236 1174 stris
256 1137 365 1176 omnem
382 1125 580 1190 suspicionem,
600 1123 831 1191 indignationem,
845 1123 918 1173 iram
940 1131 970 1176 et

172 1206 446 1274 disceptationem,et
454 1207 586 1275 quidquid
595 1214 689 1275 potest
698 1208 840 1260 caritatem
850 1207 968 1260 laedere

83 1279 87 1290 ’
174 1297 202 1341 et
210 1290 361 1343 fraternam
371 1293 547 1344 dilectionem
556 1294 689 1344 minuero.
723 1291 869 1353 Miserere,
883 1292 970 1344 mise-

172 1390 249 1437 rere,
259 1376 392 1439 Domine,
406 1376 625 1428 misericordiam
637 1381 713 1427 tuam
723 1375 915 1441 poscentibus,
931 1376 969 1426 da

173 1459 292 1524 gratiam
301 1459 502 1526 indigentibue3
515 1457 598 1513 etiae
607 1473 658 1510 nos
667 1459 739 1510 tales
749 1460 879 1522 existere,
890 1464 921 1520 dt
930 1461 967 1511 si-

174 1555 234 1594 mus
244 1541 320 1608 digni
329 1543 421 1609 gratia
429 1548 478 1593 tua
487 1541 594 1610 perfrui
604 1549 637 1594 'et
651 1542 778 1596 advitam
789 1542 967 1610 proficiamus

174 1631 324 1682 aeternam.
359 1627 453 1678 Amen.

470 1821 664 1853 -οβυυ-

452 2069 608 2170 qAPUT
639 2071 686 2130 X·

1029 1135 1036 1174 t

1030 1226 1036 1259 i

1026 1293 1036 1344 d

1026 1385 1036 1427 n

1027 1461 1035 1511 d

1024 1543 1035 1597 i

1025 1645 1035 1699 t

1023 1715 1035 1766 d

1023 1811 1034 1866 i

177 2204 256 2270 Quod
266 2223 345 2262 encra
361 2207 508 2260 communio
523 2208 554 2260 de
565 2206 650 2278 sacili
666 2223 719 2264 aon
732 2213 772 2258 eet
784 2203 960 2272 relinquenda.
1022 2218 1026 2230 ·

423 2372 511 2435 Vox
532 2370 715 2436 Drancis

186 2507 190 2512 Ι
225 2539 250 2588 1.
267 2517 442 2605 Frequenter
449 2536 645 2589 recurrendum
657 2544 700 2589 est
706 2537 741 2588 ad
747 2535 851 2588 iontem
857 2535 959 2602 gratim
1006 2506 1032 2608 ἶ,

177 2625 318 2677 etdivinae
328 2626 546 2688 misericordiae,
553 2626 588 2676 ad
593 2625 835 2678 fontensbonitatis
846 2624 959 2676 ettotius

178 2710 314 2774 puritatis,
325 2715 459 2777 quatenus
469 2724 487 2760 o
495 2711 671 2776 passionibus
680 2710 735 2760 tuis
750 2715 779 2760 et
791 2707 865 2760 vitiis
876 2711 959 2760 curan

1021 2637 1031 2694 i
