2056 3062
177 198 209 246 42
363 247 366 252 ,
407 197 458 244 DE
480 195 722 244 ΙΜΙΤΔΤΙΟΝΕ

177 313 231 364 tire
240 311 356 378 incipies
371 311 406 364 de
419 311 480 363 t'ota
492 313 551 363 rita
558 317 607 363 tua
616 311 782 379 praeterita,
794 317 823 364 et
831 313 929 366 valde
942 314 994 366 do·

67 441 69 444 .
177 395 257 458 lehis,
268 396 398 462 quietam
408 396 551 464 negligens
562 402 590 448 et
598 395 730 448 remissus
740 393 827 447 fuisti.
840 454 843 460 ¹

225 479 251 529 4.
271 480 360 542 Quam
373 479 444 530 felix
457 486 486 532 et
498 479 633 546 prudens,
649 480 697 546 qui
709 479 774 530 telis
788 494 864 532 nune
878 480 991 534 nititur

176 576 237 615 esse
251 565 281 614 in
292 564 360 625 vita,
380 562 470 629 qualis
488 569 567 628 optat
583 563 702 616 inveniri
719 564 748 614 in
761 563 868 616 morte!
890 565 989 617 Dabit

173 661 291 714 namque
314 659 443 713 magnam
465 645 736 699 fiduciam·ielieiter
753 647 896 698 moriendi
917 663 985 716 per-

173 730 264 784 tentus
279 735 433 782 contemtus
447 731 554 793 mundi,
569 728 680 782 fervens
690 730 860 782 desiderium
873 731 909 782 in
923 733 983 804 sfir-

72 842 88 888 .'
173 815 278 865 tatibus
296 806 474 880 proficiendi,
494 828 573 865 amor
587 814 764 881 disciplinae,
778 814 861 866 labor
873 818 981 882 poeni·

171 898 289 961 tentiae,
305 899 478 966 promtitudo
498 898 688 961 obedientiae,
708 898 856 966 abnegatio
877 901 927 950 sui
951 906 980 952 et

126 971 129 977 ’
171 983 344 1048 supportatio
355 983 501 1050 cujuslibet
511 982 686 1035 adversitatis
692 998 742 1050 pro
753 997 848 1034 amore
855 981 976 1036 Christi.

170 1065 261 1118 Multa
269 1067 343 1120 bona
352 1073 432 1135 potes
443 1069 563 1136 operam,
574 1068 639 1120 dum
648 1082 731 1119 sanus
742 1083 771 1118 es
779 1065 976 1130 mediumme-

169 1156 215 1204 tus
225 1153 319 1205 neseio
332 1152 398 1221 quid
407 1153 521 1220 potesis.
557 1153 644 1204 Pauci
654 1167 689 1203 ex
701 1152 860 1206 infirmitate
870 1151 975 1204 melio·

169 1242 280 1300 rantur3
289 1235 330 1289 sie
341 1243 369 1288 et
379 1238 425 1304 qui
434 1236 548 1287 multum
558 1235 782 1302 peregrinantur,
791 1249 856 1286 raro
866 1237 973 1288 saneti-

171 1321 296 1372 ficantur.

223 1420 248 1470 5.
267 1417 483 1488 Nolieoniidere
493 1430 577 1482 snper
591 1417 695 1469 amieos
710 1422 738 1470 et
745 1420 902 1486 proximos,
917 1436 972 1474 nee

171 1504 332 1557 infuturum
341 1509 418 1554 tuam
429 1498 543 1552 differas
553 1500 685 1564 salntem,
701 1503 766 1570 quia
780 1504 860 1555 citius
870 1503 971 1556 oblivi-

172 1594 285 1641 scentur
301 1587 343 1637 tni
365 1584 506 1648 homines,
530 1598 612 1651 qnam
630 1586 769 1638 aestimas.
804 1587 906 1640 Melius
925 1594 970 1641 est

172 1669 415 1736 nunetempestive
425 1667 585 1734 providere,
602 1673 631 1720 et
645 1669 750 1738 aliquid
761 1670 829 1722 boni
838 1674 968 1737 praemit·

171 1762 246 1817 tere,
262 1767 344 1820 quam
357 1766 442 1818 super
457 1752 693 1804 alierumauxilio
709 1768 832 1819 sperare.
866 1754 897 1807 Si
910 1771 968 1807 non

173 1855 203 1892 es
212 1852 263 1905 pro
272 1842 301 1887 te
310 1837 372 1903 ipso
382 1835 519 1888 sellicitus
527 1836 627 1900 modo,
637 1838 698 1904 quis
709 1838 762 1889 erit
770 1838 905 1890 sellicitus
913 1855 966 1906 pre

171 1929 200 1974 te
217 1922 246 1972 in
264 1918 376 1972 manet
402 1918 483 1973 Nune
504 1926 612 1988 tempus
636 1926 681 1972 est
701 1920 782 1972 valde
804 1923 963 1987 pretiosum.

171 2005 265 2058 Nune
287 2009 365 2056 sunt
387 2003 462 2055 dies
486 2004 626 2068 salutis,
653 2019 739 2056 nune
760 2012 889 2072 tempus
911 2022 964 2060 ac·

173 2089 356 2155 ceptabile.
392 2085 447 2140 Sed
457 2084 528 2155 proh
542 2088 637 2151 dolor,
653 2089 726 2156 qnod
741 2086 796 2140 hee
808 2089 899 2140 utilius
909 2107 964 2142 non

173 2172 318 2239 expendis,
332 2173 361 2223 in
376 2187 429 2240 qno
439 2173 592 2240 promereri
602 2171 692 2234 vales,
707 2171 779 2224 unde
790 2167 963 2228 aeternaliter

172 2255 262 2308 vivas!
280 2255 389 2320 Veniet,
410 2257 520 2324 quando
538 2270 622 2305 unum
641 2254 713 2306 diem
732 2271 782 2308 seu
800 2255 893 2307 horam
910 2274 960 2325 pro

174 2339 365 2393 emendatione
376 2339 557 2401 desiderabis,
569 2342 597 2390 et
605 2340 699 2390 neseio
711 2354 746 2390 an
754 2340 918 2407 impetrabis.
992 2327 995 2340 ¹

222 2423 247 2475 t.
265 2423 318 2475 Eia
333 2424 489 2486 carissime,
508 2421 544 2472 de
559 2427 663 2488 quante
678 2425 801 2489 periculo
816 2431 844 2476 te
858 2429 959 2491 ‘poteris

173 2508 306 2570 liberere,
326 2508 361 2560 de
376 2521 457 2574 quam
470 2518 571 2570 magne
586 2505 686 2556 timere
702 2508 822 2572 eripere,
841 2509 863 2558 si
879 2510 958 2565 medo

174 2606 283 2658 semper
304 2592 450 2641 timoratus
473 2586 561 2638 fueris
585 2592 613 2638 et
636 2579 779 2653 suspectus
803 2590 837 2640 de
861 2593 957 2647 morte!

227 2760 246 2798 5.
261 2759 281 2796 ².
292 2753 342 2795 Cor.
351 2755 371 2799 a,
379 2755 399 2792 2.
