2056 3062
217 202 376 252 cunlfl'rt
408 205 475 254 Lis.
491 207 714 258 1.‹cs1³..18.1s.
828 207 862 262 29

321 459 478 521 CAPUT
515 465 630 524 xlx.·

254 595 297 650 De
318 597 450 650 exercitiis
470 601 533 653 toni
551 603 677 671 religiosi.

117 753 148 810 1:
161 737 230 808 Vita
243 757 309 808 boni
322 755 450 824 religiosi
464 759 590 813 omnibus
600 760 746 812 virtutibus
757 759 865 825 pollere

65 847 164 908 debet,
179 851 210 896 ut
219 846 256 897 sit
265 845 331 896 talis
340 847 470 908 interius,
487 847 576 912 qualis
586 847 695 898 videtur
708 845 864 898 hominibus

66 932 200 983 exterius.
241 927 279 979 Et
295 929 395 978 merito
413 927 499 980 muito
519 931 580 995 pios
599 930 682 980 debet
701 945 762 983 esse
780 933 863 994 intus,
938 967 939 980 n

65 1027 152 1082 quum
161 1012 237 1080 quod
251 1012 372 1062 oeroinn
381 1011 464 1074 ioris,
484 1014 550 1079 quie
563 1014 704 1078 inspector
717 1021 814 1066 noster
823 1019 866 1066 est
920 1023 923 1030 “

64 1099 160 1158 Deus,
188 1109 270 1162 quem
293 1107 468 1160 summopere
489 1081 612 1147 revereri
635 1095 778 1158 debemus,
806 1097 865 1157 ubi·

67 1191 177 1246 suoque
195 1177 342 1240 fuerimus,
363 1184 540 1246 enumquam
559 1179 658 1245 Angeli
671 1181 700 1228 in
716 1185 866 1246 conspeetu
898 1163 902 1169 ⁵

67 1264 132 1330 ejus
143 1262 238 1313 mundi
251 1261 389 1314 incedere.
425 1263 506 1314 Omni
525 1263 570 1314 die
584 1277 719 1314 renovare
734 1263 865 1315 debemus

65 1345 240 1416 propositum
262 1353 386 1397 noenum
405 1353 434 1399 et
452 1347 488 1398 od
506 1346 644 1399 fervorem
662 1363 713 1398 nos
734 1335 867 1411 excitore,'

68 1433 151 1500 'quasi
168 1429 252 1484 hodie
271 1431 389 1498 primum
409 1433 444 1482 att
463 1433 672 1484 consessionem
685 1433 864 1496 venissemus,

67 1522 152 1584 etque
162 1515 267 1568 diceres
278 1513 667 1582 Adjuvamsfflominesseus,
677 1516 789 1568 inbono
801 1531 863 1584 pro·

66 1602 159 1668 posito
176 1607 205 1652 et
218 1605 313 1651 saneto
329 1601 442 1651 servitio
457 1606 520 1662 tuo,
531 1599 609 1652 'etde
623 1599 689 1651 mihi
699 1616 770 1652 nunc
779 1599 864 1652 hodie

65 1684 191 1752 perfeeto
200 1683 332 1750 incipere,
343 1685 408 1751 quie
417 1681 486 1734 nihil
496 1691 539 1736 est
549 1684 623 1751 quod
633 1683 763 1735 haetenus
773 1683 837 1736 feei.

118 1771 143 1819 2.
162 1767 318 1820 Secundum
340 1769 514 1832 propositum
537 1773 661 1818 nostrum
685 1783 780 1820 cousus
799 1783 865 1836 pro·

66 1851 157 1904 iectus
166 1853 269 1913 nostrl,
284 1851 408 1902 etmulte
422 1849 568 1918 diligentie
583 1865 652 1917 opus
667 1858 710 1902 est
718 1853 789 1902 bene
798 1865 863 1918 pro·

67 1935 272 1988 floerevolenti.
308 1935 389 1996 Quod
400 1926 424 1984 si
434 1933 545 1984 fortiter
554 1947 711 2000 proponens
721 1949 806 2000 saepe
816 1935 862 1987 de'·

68 2021 136 2072 iioits
152 2020 293 2088 quintillo,
308 2019 356 2086 qui
368 2031 434 2070 raro
448 2020 599 2068 autminus
614 2019 668 2069 iiie
683 2019 787 2084 aliquid
800 2033 863 2086 pro·

67 2103 162 2172 ponit'i
175 2105 269 2156 Vauiis
283 2108 376 2154 tamen
385 2101 476 2152 modis
487 2103 622 2168 contingit
631 2103 752 2152 desertio
762 2117 863 2170 propo·

7 2169 15 2182 ⁸
66 2189 114 2239 siti
130 2189 233 2250 nostri,
257 2193 286 2239 et
303 2186 372 2238 levis
392 2186 505 2236 omissio
525 2187 720 2237 exercitiorum
738 2187 784 2238 vix
803 2189 862 2240 sine

67 2271 159 2337 aliquo
179 2271 323 2336 dispendio
341 2271 449 2322 transit.
484 2270 625 2322 iustorum
643 2272 815 2338 propositum
833 2275 862 2324 in

9 2407 23 2416 ,
68 2355 160 2422 gratio
168 2355 223 2406 Dei
232 2354 430 2421 potius‚quem
439 2355 591 2421 inproprie
599 2341 736 2422 sepientis
745 2357 859 2422 pendete

66 2441 95 2490 in
105 2453 159 2505 quo
171 2444 198 2489 et
207 2451 317 2505 semper
326 2438 474 2501 confidunt,
481 2439 613 2506 quidquid
623 2440 766 2506 niripiunt.
788 2439 861 2492 Nem

66 2522 150 2576 homo
173 2525 315 2589 proponit,
344 2524 393 2574 sed
416 2525 493 2576 Deus
516 2523 650 2590 disponit,
679 2537 730 2575 nee
754 2529 806 2575 est
828 2527 861 2575 in
937 2537 940 2542 ·

67 2607 201 2660 homine
218 2608 373 2673 viuejus.

64 2709 384 2732 d--m--t--n-u—-u-

78 2812 79 2820 ,
117 2779 138 2817 2
155 2741 237 2816 ierem.
246 2777 279 2822 1⁰,
289 2777 321 2817 2¹3.
