2080 3058
133 271 147 300 ι,
217 183 707 267 ·cnnrsrrnrn.1u.‘cn1=.,ne.
817 218 865 270 loa

75 340 171 397 norat,
196 334 262 401 quia
284 332 446 399 pusillum
474 338 507 383 et
527 346 677 398 magnum
700 347 761 399 ego
786 331 864 386 leci.

73 419 109 470 llt
118 418 166 485 qui
176 417 294 485 derogat
303 415 388 474 aliqui
398 415 706 482 Sanctorum,‘derogat
719 422 747 468 et
760 413 828 468 mihi
838 423 866 468 et

72 502 175 570 ceteris
191 501 318 552 omnibus
330 500 457 567 integro
476 500 626 552 ooelorum.
662 499 763 551 Omnes
782 515 863 552 unum

71 591 137 638 suut
145 600 196 652 per
205 584 330 637 caritatis
342 583 489 646 vinculum
507 585 581 636 idem
590 585 724 647 sentiunt,
736 584 808 636 idem
818 600 863 634 vo-

71 669 134 720 lunt
143 675 172 721 et
182 668 316 720 omnerin
324 683 407 718 unum
417 683 448 720 oe
458 667 584 735 diligunt.

122 752 148 803 5.
168 751 263 804 Adhuc
271 757 377 815 antem,
393 752 562 820 quodmulto
573 753 655 805 ultius
666 757 722 814 ost,
735 749 797 817 plne
811 765 864 814 me,

70 851 155 904 qnam
167 853 198 888 se
213 837 409 888 ettuameritu
417 835 544 904 diligunt
578 836 743 901 Nannrupra
752 837 863 902 serapti

71 926 102 972 et
116 925 196 972 extra
204 922 345 988 propriam
359 920 536 972 fflleetionem
549 921 631 971 tracti
641 920 693 971 toti
703 921 731 970 in
741 933 863 972 amorem

70 1005 128 1056 mei
137 1010 265 1072 pergunt,
279 1006 307 1056 in
317 1019 372 1072 quo
382 1005 531 1058 etiruitive
541 1003 693 1070 quieseunt
728 1001 803 1054 Nihil
813 1011 863 1067 ert,

73 1087 150 1154 quod
165 1103 214 1139 eoe
229 1094 355 1141 avertere
365 1089 454 1155 possit
467 1093 515 1138 aut
525 1086 692 1152 deprimere,
708 1087 807 1153 quippe
818 1087 864 1152 qui

72 1170 863 1239 aeternaveritatepleniigneardescuntinexotinguibilis

72 1258 207 1313 caritatis.
234 1258 359 1308 Taoeant
367 1256 453 1322 igitur
462 1253 587 1306 carnales
598 1259 626 1304 et
635 1252 768 1304 animales
778 1251 864 1305 homi-

11 1389 12 1394 ,
70 1355 122 1392 neo
137 1339 172 1392 de
187 1339 351 1394 Sanctorum
369 1345 443 1392 statu
457 1338 607 1402 disserere,
627 1338 746 1405 quinon
764 1343 864 1389 norunt

70 1425 125 1476 niti
135 1425 242 1490 privata
250 1424 354 1492 ¹guudia
363 1423 489 1491 diligere.
523 1422 645 1474 Demnnt
658 1427 687 1474 et
699 1419 803 1473 addunt
811 1436 861 1488 pro

70 1523 123 1560 rua
132 1506 320 1573 inclinatione,
329 1524 383 1561 non
393 1513 476 1576 prout
484 1507 576 1574 planet
585 1513 715 1560 aeternae
726 1505 844 1558 veritati.

122 1599 147 1649 o.
166 1599 195 1650 ln
209 1601 304 1651 multis
319 1606 362 1652 ert
374 1601 545 1667 ignorantia,
561 1614 657 1652 eornm
670 1600 801 1664 maxime,
817 1598 863 1668 qni

69 1696 169 1749 parum
187 1682 335 1736 illuminati
351 1697 416 1735 roro
436 1683 555 1750 aliquem
571 1683 696 1750 perfecta
714 1683 862 1736 dilectione

70 1765 211 1833 spirituali
225 1765 342 1832 diligere
357 1772 466 1818 norunt.
500 1767 617 1818 Multum
636 1764 726 1818 adhue
743 1765 862 1816 naturali

70 1847 178 1900 affeetu
187 1846 343 1900 ethumana
353 1847 475 1901 montio
484 1848 519 1900 ad
525 1848 576 1902 hoe
585 1850 629 1901 vel
640 1848 675 1899 od
683 1846 862 1900 illoetrahun·

70 1945 131 1997 tur,
145 1938 175 1985 et
187 1933 259 1984 sieut
271 1933 299 1984 in
310 1931 489 1984 inferioribus
498 1946 530 1984 oo
539 1929 654 1992 habent,
668 1932 709 1982 ita
718 1936 746 1982 et
755 1930 790 1982 de
800 1946 862 1983 eoe-

70 2017 188 2070 lestibur
197 2011 390 2084 imaginantur.
426 2013 483 2068 Sed
497 2014 679 2066 eetdiotantia
692 2015 862 2080 incompara-

70 2103 144 2166 bilis,
155 2117 227 2170 quae
236 2099 392 2168 impmieeti
402 2099 527 2166 cogitent
537 2104 566 2150 et
575 2113 646 2165 qnae
655 2097 801 2150 illuminati
811 2099 860 2150 viri

71 2201 122 2252 per
129 2186 328 2239 revelationem
338 2199 483 2251 supernam
494 2183 678 2250 speculantur.

119 2271 145 2321 ⁷.
164 2271 238 2323 Cave
249 2284 316 2338 ergo
323 2305 331 2331 ‚
345 2267 398 2331 fili,
410 2266 444 2319 de
454 2268 515 2318 iotis
526 2268 635 2342 cunone
644 2272 778 2330 mactare,
790 2281 860 2333 quae

70 2361 146 2406 tuam
160 2356 304 2407 nolentiam
320 2351 469 2415 excedunt,
487 2350 537 2404 ted
552 2348 605 2402 hoe
618 2352 707 2419 mugit
721 2356 817 2418 eatage
833 2359 860 2402 et

70 2438 195 2501 intende,
211 2447 240 2490 nt
248 2439 292 2492 vel
305 2439 432 2490 ndnlmm
441 2438 469 2488 in
478 2445 566 2502 regno
575 2435 631 2488 Dei
640 2450 725 2503 queat
734 2436 858 2488 inveniri.

72 2523 139 2574 Etsi
149 2523 284 2590 quispiam
294 2523 386 2584 tonet,
398 2523 459 2589 quio
469 2521 526 2572 alio
535 2521 658 2572 sanctior
668 2525 742 2572 eruet
750 2518 795 2572 rel
803 2535 859 2570 ma·

70 2607 115 2671 ior
123 2605 308 2688 haberetur‘in
317 2618 404 2674 regno
416 2605 568 2658 coelorum:
580 2601 752 2670 quideihaec
761 2604 859 2654 notitia

125 2777 145 2815 4,
160 2771 215 2828 Sep.
225 2775 245 2823 fi,
255 2778 277 2816 8.

630 2849 654 2899 N
