2080 3058
178 162 227 241 2ζο
422 161 472 210 DE
489 159 729 206 lMlTATIONE

444 467 602 538 onnon
641 469 701 524 ιν.

201 604 291 669 'Quod
308 605 390 656 multa
409 604 478 656 lona
493 611 667 671 praestantur
682 605 773 655 deuote
792 605 937 656 commuui-

506 687 635 741 cuntibus.

406 851 491 916 Vox
514 851 737 917 Discnnunn
770 919 774 934 p
854 861 857 874 ’

225 1033 249 1082 l.
267 1009 395 1082 Domine
411 1030 488 1082 Deus
506 1043 596 1092 meus,
614 1031 746 1096 praeveni
763 1043 875 1082 servum
893 1037 968 1102 tuum
1015 1079 1020 1102 .;

174 1117 412 1172 benedictionibus
422 1119 574 1172 dulcedinis
584 1122 659 1181 tuae,
672 1123 703 1169 ut
712 1117 834 1170 adtuum
844 1121 968 1188 magnili-

176 1218 236 1253 cum
245 1209 447 1255 sacramentum
456 1205 539 1272 digne
549 1217 582 1254 ac
592 1201 692 1254 devote
703 1217 813 1254 merear
822 1203 966 1256 accedere.

1018 965 1020 1024 l

173 1287 273 1338 Excita
287 1302 439 1341 cormeum
447 1289 476 1338 in
486 1295 526 1352 te,
542 1293 571 1340 et
584 1301 601 1338 a
615 1289 817 1356 gravitorporc
833 1303 966 1342 exueme.
1019 1333 1020 1338 ,

173 1371 265 1422 Visite
274 1387 317 1424 me
326 1371 355 1422 in
365 1373 534 1424 salutarituo
545 1372 581 1422 ad
588 1372 754 1440 gustandum
763 1373 791 1422 in
799 1374 966 1450 spiritusua·
1018 1409 1020 1460 ss

173 1455 288 1508 vitatem
301 1460 392 1517 mam,
404 1469 475 1522 quae
489 1456 517 1506 in
531 1453 585 1506 hoc
599 1462 771 1522 scopamento
786 1461 930 1523 tamquam
940 1457 966 1506 in

173 1537 252 1588 fonte
258 1538 385 1604 plenarie
398 1538 475 1589 latet.
509 1539 638 1590 illumina
652 1555 762 1608 quoque
777 1539 876 1592 oculos
890 1555 966 1592 meos

175 1621 211 1672 ad
223 1621 383 1672 intuendum
392 1626 498 1672 tantum
510 1619 688 1688 mysterium,
708 1630 737 1676 et
750 1623 786 1674 ad
801 1623 967 1676 credendum

172 1706 243 1757 illud
256 1705 412 1757 indubitata
422 1705 476 1758 lide
490 1721 534 1758 me
548 1707 662 1758 robora.
696 1708 748 1780 list
757 1709 829 1760 enim
840 1709 965 1774 operatio
1019 1741 1020 1744 =

174 1799 223 1844 tua
241 1807 297 1856 nep
314 1789 434 1842 humana
450 1781 591 1858 potentia,¹
604 1795 653 1842 tua
667 1805 747 1843 sacra
760 1793 900 1843 institutio
915 1807 968 1842 non
1019 1791 1020 1794 ’

174 1875 293 1927 hominis
308 1875 474 1930 adinventio.
509 1870 573 1928 Non
586 1876 659 1926 enim
670 1876 706 1926 ad
716 1874 785 1926 haec
795 1877 934 1942 capienda
943 1881 969 1926 et
1018 1875 1020 1918 ἵ

173 1959 356 2028 intelligenda
370 1960 470 2028 aliquis
484 1960 602 2012 idoneus
615 1975 666 2029 per
682 1975 712 2011 se
725 1960 878 2027 reperitur,
898 1975 968 2028 quae

175 2045 330 2112 angelicam
345 2045 428 2095 etiam
442 2043 623 2096 subtilitatem
638 2043 859 2095 transscendunt.
897 2043 969 2106 Quid

175 2143 242 2196 ergo
254 2144 307 2196 ego
315 2113 448 2196 peccator
456 2127 594 2194 indignus,
607 2132 682 2179 tcrta
692 2132 720 2179 et
729 2128 806 2191 cinis,
818 2127 921 2179 datam
932 2127 969 2178 al-

173 2217 203 2262 to
214 2227 295 2264 sacro
305 2217 413 2263 secreto
423 2217 522 2278 potero
532 2211 701 2278 investigare
712 2216 741 2262 et
750 2209 869 2278 caperei

218 2297 243 2345 2.
261 2296 390 2358 Domine,
400 2296 428 2346 in
438 2295 614 2363 simplicitate
625 2296 717 2347 cordis
726 2296 790 2358 mei,
800 2297 829 2345 in
838 2297 916 2347 bona
926 2297 968 2347 lir-

172 2393 218 2429 ma
227 2378 281 2430 lide
293 2381 358 2430 etin
366 2385 415 2430 tua
421 2381 546 2448 jussione
557 2378 592 2429 ad
602 2384 699 2430 tecum
709 2395 757 2445 spe
768 2381 968 2432 adreverentia

171 2460 288 2523 accedo,
305 2469 407 2514 etverc
421 2462 519 2527 credo,
535 2464 638 2530 quiatu
648 2477 780 2530 praesens
791 2478 820 2515 es
830 2461 915 2516 hicin
925 2479 967 2516 sa·

172 2549 321 2606 eramento,
332 2545 408 2598 Deus
419 2552 448 2599 et
457 2546 549 2598 homo.
583 2548 634 2599 Vis
645 2534 727 2616 ergo,
737 2553 768 2598 ut
777 2553 805 2598 te
815 2550 966 2616 suscipiam

172 2632 200 2676 et
213 2639 257 2675 me
271 2626 359 2691 ipsum
370 2630 421 2680 tibi
430 2633 458 2680 in
468 2632 583 2682 caritate
593 2632 695 2684 uniam.
730 2631 808 2683 Unde
817 2637 895 2682 tuam
904 2648 965 2700 pre·

170 2723 220 2759 cot
238 2708 411 2762 clementiam
430 2720 458 2766 et
475 2715 625 2781 specialem
644 2715 680 2766 ed
695 2714 748 2766 hoc
761 2716 881 2782 imploro
898 2715 965 2768 mili
