2076 3066
175 183 191 232 8
257 218 260 226 .
410 179 461 226 DE
478 179 718 228 ΙΜΙΤΔΤΙΟΝΕ

176 312 206 348 se
220 297 282 363 ipso
296 293 441 348 fortiorem
454 295 516 346 fieri
530 295 612 362 etque
625 295 654 346 in
667 293 765 347 meiius
780 293 889 363 aliquid
904 310 983 362 pro·
1022 345 1023 356 ,

80 402 84 414 ,
175 380 267 434 deese·
344 432 347 442 ,

226 462 251 513 i.
270 461 513 528 omnisperfeetio
527 463 557 513 in
569 460 623 514 hoe
634 463 691 520 sits
709 461 845 530 quondam
864 463 980 536 imper-

176 535 325 599 ieetionem
338 545 392 600 sibi
406 542 489 596 hebet
502 559 648 609 annexam
668 552 696 599 et
708 547 796 598 omnis
809 545 979 612 speculatio

176 635 272 682 nostra
298 628 415 698 quadam
439 629 556 696 ealigine
577 644 632 680 non
655 635 738 680 earet.
781 629 905 680 Humilis
929 632 978 686 tui

149 763 153 771 ,
178 712 299 780 cognitio
319 712 421 764 certior
437 713 483 763 vin
500 718 543 764 est
559 712 596 764 od
612 713 711 776 Deum,
730 725 810 779 quom
827 711 978 778 protunda
1022 735 1023 742 ¹

177 794 310 846 scientiae
322 795 473 862 inquisitio.
507 795 570 846 Non
583 800 627 848 est
640 795 775 861 endpends
787 796 907 846 seientia
921 803 976 848 out

179 877 319 946 quaelibet
328 878 444 946 simplex
451 879 494 930 rei
502 879 609 942 notitia,
618 891 691 947 'quae
699 878 890 931 boneestinse
902 893 972 930 eon·
1000 915 1003 920 >

178 961 300 1013 siderate
318 967 347 1014 et
364 977 382 1012 s
399 963 461 1016 Deo
485 954 625 1027 or‘dinete3
648 962 698 1015 sed
720 961 905 1032 prneierende
925 970 972 1014 est
1010 955 1011 958 ’

177 1045 368 1113 semiiesbonn
382 1047 550 1098 conscientie
565 1053 593 1099 et
605 1047 801 1099 virtuosevite.
837 1046 968 1108 Quisve·
1001 1101 1006 1112 ,

175 1145 208 1182 ro
226 1130 320 1206 plores
336 1129 426 1198 magis
444 1129 554 1182 student
571 1130 651 1194 scine,
670 1130 839 1198 quambene
856 1130 965 1181 vivere:

176 1213 241 1266 ideo
251 1229 335 1281 saepe
345 1218 440 1266 mont
453 1219 481 1264 et
493 1228 581 1280 poene
595 1211 751 1264 nullumsel
759 1213 897 1266 modicum
907 1211 965 1263 iru-

178 1295 360 1348 etumierunt.

227 1377 253 1430 5.
271 1377 309 1442 0,
327 1377 352 1429 si
369 1382 474 1430 nutam
492 1375 653 1430 adhiberent
675 1377 848 1448 diligentiam
863 1378 899 1430 ad
917 1394 963 1430 ex-

178 1460 320 1528 stirpando
332 1461 400 1514 vitio
415 1467 444 1513 et
455 1461 570 1522 vintntee
582 1463 756 1528 inserendos,
770 1464 852 1515 sicuti
861 1461 896 1514 ed
905 1477 962 1514 mo-

177 1545 281 1597 vendos
294 1545 484 1614 quaestiones,
498 1561 554 1598 non
567 1546 665 1598 fierent
677 1552 754 1599 unte
767 1547 840 1602 mala
850 1552 962 1600 etsoen·

179 1629 244 1680 daln
259 1628 289 1680 in
306 1629 418 1697 populo,
436 1645 489 1682 nee
505 1634 583 1681 tenta
600 1630 747 1690 dissolutis
763 1631 793 1682 in
811 1629 958 1683 coenobiis.

179 1713 260 1765 dente
274 1712 437 1766 adveniente
451 1712 496 1767 die
508 1713 606 1780 judicii
618 1730 673 1766 non
686 1719 836 1782 quaeretur
848 1729 865 1766 n
882 1713 960 1765 nobis

179 1796 244 1864 quid
253 1797 383 1870 legimns,
393 1793 716 1866 sedquid'fectmus,nee
725 1797 883 1866 quambene
892 1796 958 1847 dm

177 1893 246 1943 mus,
256 1879 307 1946 ned
316 1894 396 1948 quom
404 1880 536 1950 religiose
545 1881 669 1934 viximus.
695 1882 749 1936 Die
758 1879 833 1944 mihi,
843 1880 959 1931 obinunt

177 1964 261 2017 niodo
271 1964 416 2018 omnesilii
425 1964 528 2028 domini
542 1971 570 2018 et
577 1965 716 2034 magistri,
731 1978 800 2032 qnos
808 1963 877 2015 bene
886 1964 957 2016 novi-

177 2048 222 2111 sti,
240 2048 305 2100 dum
322 2046 411 2102 adhue
429 2049 551 2102 viverent
569 2054 597 2100 et
614 2047 711 2100 studiis
729 2045 875 2099 dosesenti
898 2047 956 2098 Jnm

178 2146 272 2183 eorum
281 2130 676 2200 proebendnsniiipossident,
687 2135 716 2182 et
724 2130 817 2183 neseio
827 2137 913 2183 utrum
922 2130 955 2183 de
1012 2143 1013 2146 ’

178 2215 218 2266 eis
227 2217 390 2286 recogitent.
424 2217 456 2269 In
465 2217 522 2268 vite
535 2229 586 2267 sun
601 2212 706 2280 nliquid
720 2227 781 2266 esse
790 2213 953 2276 videbamus,

179 2305 207 2350 et
214 2298 297 2350 modo
308 2299 342 2352 de
351 2300 408 2352 illis
417 2291 535 2352 tacetur:

226 2381 251 2434 6.
270 2370 385 2451 anem
395 2383 449 2434 oito
458 2381 558 2434 transit
565 2379 657 2449 gloria
664 2379 769 2440 mnndi!
788 2379 893 2432 Utinam
901 2379 953 2431 site
1022 2375 1023 2386 ¹

178 2479 273 2516 eorum
286 2466 419 2517 seientiee
432 2465 555 2530 ipsorum
574 2461 781 2516 concordasset!
800 2465 876 2516 Tune
887 2463 951 2516 bene

176 2548 345 2600 snsdnissent
359 2552 388 2599 et
399 2546 543 2614 legissent.
578 2546 665 2609 Quom
682 2546 761 2598 multi
779 2552 891 2615 pereunt
905 2561 951 2614 pen

174 2629 950 2699 vonedseientinminsoeenlo,quipernmennantdeiiei

91 2746 102 2763 .
175 2709 303 2767 servitio!
321 2709 358 2760 Et
376 2710 441 2777 quio
458 2711 547 2778 magis
562 2710 667 2782 eligunt
679 2719 771 2785 magni
786 2733 859 2782 esse,
877 2728 948 2783 quens
1022 2723 1023 2732 ¹
