2066 3064
141 231 142 234 ,
167 189 218 260 toa
384 189 441 234 DE
463 187 706 234 lllssTATIONE

168 305 281 358 solatio.
315 304 352 355 Et
361 308 463 371 quanto
474 309 503 354 te
512 304 573 370 plus
589 304 623 354 ab
636 304 711 354 omni
721 295 968 358 creaturarumso·
1005 329 1006 332 ¹

168 387 541 450 latiosublraxeris,tantoin
550 403 594 438 me
604 388 749 438 suaviores
759 390 968 454 etpotentiorcs

169 473 376 526 consolationes
385 472 518 522 invenies.
547 470 602 523 Sed
611 472 701 538 primo
711 487 766 522 non
776 473 838 522 sine
850 474 969 539 quadan

168 558 283 610 tristitia
298 563 326 609 et
335 557 431 608 labore
448 556 605 607 certaminis
619 556 655 606 ad
665 554 715 606 bas
725 555 881 622 pertinges.
920 559 970 632 91)-

170 643 250 695 sistet
263 641 363 692 inolita
377 639 562 701 consuetudo,
577 639 628 691 sed
641 639 753 691 meliori
766 643 971 694 consuetudine

170 727 339 779 devincetur.
375 724 597 775 Remurmurabit
612 737 690 786 caro,
706 722 755 774 sed
765 722 884 776 fervore
895 728 971 792 spiri·

170 817 215 862 tus
224 809 387 860 frenabitur.
422 808 568 876 instigabit
583 812 611 858 et
624 806 803 863 exacerbabit
813 813 842 860 te
857 825 973 876 serpens

172 894 314 960 antiquus,
329 890 379 943 sed
393 893 520 944 oratione
530 890 684 958 fugabitu13
703 891 818 957 insuper
833 898 863 944 et
875 893 974 946 labore

171 974 673 1045 ntiliadituseimegnusobstruetur.

469 1235 665 1266 ιιι-ψ-

427 1501 583 1559 capua
619 1487 741 1558 xun'

233 1640 277 1693 De
300 1637 449 1692 obedientia
467 1637 573 1693 humilis
591 1637 693 1712 subditi
713 1637 750 1688 od
766 1639 920 1706 exemplum
965 1675 968 1684 ,

470 1721 535 1776 Jetu
559 1721 669 1775 Cdrs'sts’.

208 1941 211 1958 .
224 1908 250 1957 1.
267 1881 343 1965 Fili,
361 1902 406 1969 qni
421 1915 451 1954 sa
465 1899 629 1954 subtrahere
643 1900 740 1951 nititur
754 1898 789 1951 ab
802 1899 974 1960 obedientia,

173 1988 234 2055 ipse
249 2003 280 2042 se
293 1987 459 2060 subtrahite
468 1989 575 2056 gratia,
590 1993 619 2038 et
629 1989 675 2055 qui
685 1987 794 2054 quaerit
803 1984 912 2040 habere
922 1987 975 2054 pri·

172 2079 251 2136 vata,
266 2073 540 2124 amittiteommunia.
577 2070 632 2133 oui
641 2084 696 2120 non
706 2068 826 2122 libenter
836 2077 866 2122 et
875 2077 974 2139 sponte

173 2171 224 2208 suo
240 2141 378 2223 superiori
393 2171 424 2208 se
438 2156 545 2218 subdit,
565 2155 673 2221 signum
692 2143 824 2220 estquod
839 2170 908 2208 caro
923 2168 974 2206 sua

173 2239 289 2291 necdum
298 2240 422 2307 perfecte
433 2241 486 2291 sibi
496 2238 605 2301 obedit,
620 2239 670 2290 sed
679 2251 763 2304 saepe
772 2238 937 2292 recalcitrat
947 2241 981 2290 et‘

172 2331 365 2376 remurmurat.
399 2324 484 2375 Disce
500 2337 568 2390 ergo
584 2321 714 2374 celeriter
726 2323 868 2388 superiori
881 2329 931 2374 tuo
944 2329 973 2372 te

173 2406 349 2469 submittere,
373 2406 398 2456 si
421 2419 532 2458 carnem
550 2407 691 2471 propriam
711 2411 790 2472 optas
809 2406 972 2473 subjugare.

174 2488 262 2542 citius
272 2503 390 2554 namque
405 2490 528 2541 exterior
537 2489 803 2550 vmcinuinimicus‚
819 2489 844 2539 si
853 2490 974 2540 interior

174 2568 257 2622 bomo
272 2586 328 2622 non
342 2559 428 2620 luerit
443 2571 612 2624 devastatus.
646 2571 710 2623 Non
726 2577 769 2623 est
780 2572 930 2624 molestior
944 2580 973 2625 et

173 2655 254 2719 peJ'or
264 2654 372 2702 animae
382 2650 479 2714 hostis,
491 2669 572 2719 quam
581 2658 612 2703 tu
621 2654 681 2719 ipse
691 2654 751 2716 tibi,
761 2670 815 2705 non
825 2656 897 2706 bene
907 2670 972 2707 con·

173 2733 292 2782 cordnns
302 2734 420 2797 spiritui.
441 2735 559 2799 Oportet
568 2737 781 2787 omninoverum
790 2744 818 2788 te
829 2753 973 2791 assumere
