2076 3066
184 201 218 254 14
425 196 477 252 ΒΕ
492 198 735 251 {memora

450 358 608 418 cneus
645 358 709 414 lx.
765 335 773 348 '

354 478 398 532 De
417 477 566 532 obedientia
585 486 612 532 et
630 477 802 546 subjectione.
824 490 827 495 ’

231 630 256 680 1.
282 611 372 685 Valde
390 621 518 694 magnum¹
537 631 579 679 est
595 626 625 678 in
643 625 802 678 obedientia
820 623 905 700 stare,
926 632 984 682 sub

121 779 129 791 Ι
181 716 307 784 ptaelato
323 717 416 767 vivere
432 720 460 766 et
473 713 598 782 suijuris
612 727 668 764 non
683 727 753 765 ense.
788 712 878 765 Multo
887 715 982 766 tutius

182 804 308 852 eetstare
317 799 346 848 in
360 797 540 865 suhjectinne,
556 810 638 864 quam
646 797 675 847 in
688 795 857 864 praelatura.
891 797 982 851 Multi

180 887 244 934 sunt
257 882 308 935 nub
323 881 481 936 obedientia
494 881 583 947 magis
598 893 633 932 ex
646 880 827 944 necessitate,
843 895 926 949 quam
943 898 982 935 ex

181 967 310 1028 caritate
326 962 980 1032 etiliipoenamhebentetlevitermunmurant.
1019 985 1020 1054 q

180 1049 240 1102 Nec
248 1049 404 1102 libertatem
413 1049 512 1101 mentis
522 1049 678 1118 acquirent,
697 1048 751 1100 nisi
766 1062 801 1100 ex
812 1053 874 1100 teto
890 1051 981 1104 corde

70 1169 72 1178 ,
179 1139 294 1202 propter
302 1134 391 1186 Deum
401 1149 431 1186 se
442 1133 598 1201 subjiciant.
633 1133 720 1185 curre
734 1129 780 1184 hic
792 1131 838 1184 vel
851 1132 904 1184 ibi:
920 1149 980 1185 non
1019 1153 1020 1196 1

179 1219 303 1272 invenies
313 1213 645 1285 quietem,nisiinhumili
654 1215 825 1283 abjectione
835 1211 886 1268 sub
895 1229 980 1284 pree·

180 1303 232 1354 lati
239 1301 384 1370 regimine.
418 1299 583 1367 Imaginatio
598 1298 725 1351 locorum
739 1306 767 1353 et
779 1301 896 1353 mutatio
906 1303 979 1354 mul-

181 1391 226 1438 tce
236 1383 346 1438 fefellit.

232 1470 257 1520 ².
274 1468 379 1522 Verum
388 1473 439 1530 est,
450 1465 522 1534 quod
532 1467 719 1537 unusquisque
727 1467 846 1522 libenter
855 1469 916 1536 egit
923 1484 978 1536 pre

182 1567 267 1604 sensu
284 1566 335 1604 sue
355 1557 384 1604 et
400 1551 549 1603 inclinatu:
566 1551 602 1603 ad
621 1552 670 1605 ebs
688 1554 792 1622 megin,
816 1553 863 1620 qui
880 1567 979 1606 secum

182 1637 313 1688 sentiunt.
348 1635 403 1689 Sed
413 1636 437 1686 si
450 1635 527 1686 Deus
538 1640 580 1687 eet
588 1635 661 1688 inter
668 1639 735 1700 nes,
748 1651 863 1688 necesse
874 1643 931 1701 est,
946 1645 980 1691 ut

181 1720 368 1788 relinquamus
383 1721 467 1772 etiam
481 1719 645 1788 quandoque
659 1726 784 1772 nonnum
799 1720 903 1772 sentire
912 1736 978 1790 pro·

181 1799 355 1873 pterbenum
364 1805 448 1872 pacis.
484 1805 552 1866 Quis
568 1809 611 1856 eet
622 1803 664 1856 ita
677 1804 802 1870 sapiens,
822 1805 870 1872 qui
883 1807 978 1858 cmnia

182 1890 264 1957 plene
273 1889 345 1942 scire
354 1886 543 1957 potestiErgo
553 1887 712 1940 nolisnimis
721 1887 749 1938 in
759 1902 843 1940 sensu
851 1893 901 1940 tue
912 1905 977 1941 cen-

183 1974 278 2036 fidere,
286 1971 976 2026 sedvelisetiamlibenteralicrumeensumaudire.

184 2057 214 2111 Si
231 2059 333 2110 bunum
351 2063 394 2109 est
411 2063 488 2109 tuum
506 2057 619 2120 sentire,
639 2061 667 2109 et
684 2053 739 2108 hcc
755 2059 845 2123 ipsum
862 2061 979 2124 prepter

107 2179 110 2182 -
182 2142 273 2195 Deum
288 2143 402 2195 dimittis
416 2143 537 2196 etalium
551 2141 690 2209 sequeris.
703 2134 794 2210 nie‘gie
804 2139 902 2193 exinde
911 2155 977 2208 prc-

185 2227 270 2278 ficies.

234 2309 260 2361 3.
277 2311 375 2363 Audivi
384 2313 456 2365 enim
465 2323 564 2377 saepe,
580 2309 704 2360 securius
715 2323 777 2361 esse
787 2307 883 2360 audire
894 2313 977 2362 et'ac-

185 2394 276 2461 cipere
296 2395 452 2458 consilium,
471 2408 553 2463 quam
571 2392 648 2444 dare.
690 2391 788 2445 Potest
811 2393 894 2445 etiam
913 2408 977 2450 cen·

180 2479 306 2546 tingere,
329 2484 360 2529 ut
377 2479 479 2531 bonum
497 2479 534 2531 eit
553 2477 768 2545 uniuscujusque
787 2478 903 2540 senti1e3
927 2477 977 2530 sed

183 2563 258 2616 nelle
265 2563 327 2614 aliis
337 2563 522 2630 acquiescere,
529 2576 590 2614 eum
598 2559 628 2611 id
635 2561 708 2613 ratio
719 2567 767 2613 aut
777 2575 875 2614 caussa
883 2567 974 2627 postu·

83 2689 86 2694 .
183 2647 232 2709 lat,
243 2648 352 2713 signum
362 2650 405 2697 est
414 2646 559 2712 superbiae
570 2651 599 2697 et
607 2646 786 2711 pertinaciae.

483 2772 677 2802 ψ
