2066 3064
157 207 315 256 CHRISTI
347 209 413 256 ΙΛΒ.
431 211 474 258 111.
493 211 567 258 GAP.
586 211 725 262 mono
793 213 842 265 133
936 211 940 216 ’

45 319 143 374 homo.
179 319 233 374 Ubi
248 329 291 374 est
304 339 370 376 vera
383 339 438 391 pax
458 332 486 378 et
498 341 564 378 vero
578 326 684 395 gloria!
701 329 799 382 Nonne
814 333 843 382 in

46 405 110 458 me?
138 407 175 457 Et
184 407 294 474 quinon
306 410 411 474 appetit
420 407 575 462 hominibus
584 411 696 478 placere
706 415 845 467 neotimet

48 490 213 556 displicere,
233 491 320 541 multa
339 491 497 558 perfruetur
513 509 591 560 pace.
625 496 668 547 Ex
685 496 842 550 inordinato
871 545 874 550 .

49 587 147 625 amore
158 579 186 624 et
195 589 266 624 vano
277 575 376 626 timore
387 577 475 628 oritur
485 579 572 630 omnis
581 579 742 646 inquietudo
753 563 844 633 condis
866 611 867 614 =
894 623 899 632 .

49 663 78 710 et
88 657 234 709 distractio
246 673 382 710 sensuum.
706 651 710 660 '

351 919 542 950 ιιι-ψ.-

282 1182 440 1244 cneoo
483 1185 613 1264 xynx.

87 1317 211 1384 Qualiter
229 1317 345 1372 instante
364 1320 536 1374 tribulatione
553 1301 627 1374 Deos
644 1322 805 1375 invocandus

299 1411 337 1456 est
355 1413 381 1456 et
399 1405 595 1459 benedicendus.

103 1583 129 1630 1.
149 1557 200 1630 Sit
213 1593 313 1632 nomen
324 1585 409 1646 tuum,
419 1582 547 1647 Domine,
557 1584 731 1636 benedictum
739 1585 767 1633 in
782 1539 841 1666 see-

50 1664 129 1729 cula,
145 1666 192 1735 qui
200 1665 313 1719 voluisti
321 1665 393 1720 hano
401 1671 581 1723 tentationem
596 1677 625 1724 et
637 1673 843 1724 tribulationem

50 1749 147 1802 venire
158 1765 241 1817 super
249 1765 302 1802 me.
329 1751 392 1804 Non
401 1769 513 1819 possum
524 1771 584 1806 eam
594 1753 728 1823 effugere,
738 1756 787 1806 sed
797 1771 842 1806 ne·

52 1848 132 1886 cesse
142 1831 232 1886 habeo
243 1834 279 1885 ed
288 1839 316 1886 to
326 1834 490 1902 confugere,
504 1843 587 1888 utone
597 1838 711 1904 adjuves
721 1840 785 1891 etin
794 1838 843 1890 bo·
937 1858 945 1874 ‘

50 1933 117 1968 nom
125 1915 194 1969 mihi
203 1923 356 1970 convertes.
390 1919 519 1981 Domine,
531 1921 614 1971 modo
624 1936 684 1970 snm
692 1921 720 1971 in
730 1921 843 1972 tribula·

51 2001 144 2064 tione,
160 2006 188 2052 et
201 2016 255 2051 non
267 2007 309 2053 est
318 2001 396 2054 oordi
405 2017 467 2054 meo
477 2004 561 2066 bene,
576 2002 626 2054 sed
634 2004 749 2057 multum
758 2018 844 2056 vexor

53 2087 219 2152 epraesenti
228 2087 367 2152 passione.
400 2087 438 2136 Et
451 2101 534 2150 nunc,
550 2086 635 2137 Pater
648 2087 762 2148 dilecte,
778 2087 844 2153 quid

53 2167 160 2220 dicam?
178 2167 373 2236 Deprehensns
383 2185 442 2222 sum
451 2170 524 2221 inter
533 2170 683 2236 angustias.
715 2169 844 2222 Salniflon

52 2249 291 2304 meexhorahee.
311 2253 382 2319 „Sed
391 2259 539 2322 propterea
547 2255 611 2304 veni
619 2255 647 2304 in
657 2240 727 2305 hano
736 2251 842 2316 horam,

52 2341 83 2388 nt
90 2342 121 2387 tu
132 2335 304 2400 olorifiooris,
320 2353 381 2389 oum
390 2337 469 2390 fuero
480 2337 571 2388 valide
581 2335 739 2388 humiliatos
753 2343 783 2389 et
793 2349 843 2404 per

52 2420 233 2472 teliberetus.
262 2421 440 2487 Compleoeet
448 2422 508 2484 tini,
517 2421 645 2484 Domine,
654 2426 686 2473 nt
695 2435 775 2472 erues
784 2435 842 2484 me;

51 2517 115 2555 nom
127 2519 179 2571 ego
190 2517 295 2570 pauper
304 2504 370 2571 quid
379 2519 463 2571 egere
472 2519 598 2572 possum,
615 2509 643 2556 et
656 2517 711 2573 qno
726 2505 771 2556 ibo
784 2505 843 2556 sine

51 2586 97 2640 te?
114 2586 703 2654 Dapatientiam,Domine,otiamheovioe.
738 2587 844 2653 Adiuve

52 2689 109 2736 me,
124 2673 202 2725 Deus
213 2686 305 2732 meus,
321 2677 349 2721 et
357 2685 412 2721 non
421 2672 523 2722 timebo
535 2676 772 2738 quantumcunque
782 2685 843 2737 gne·

53 2763 132 2810 vatus
141 2755 230 2806 fuero.
281 2779 289 2792 ι
