2076 3066
241 180 397 240 uuiisri
432 191 719 238 maironnus.
842 193 874 244 oi

81 307 253 361 conteientie
262 321 371 373 semper
380 304 478 356 timida
487 312 530 358 est
539 313 567 358 et
580 307 711 374 inquieta.
748 297 875 363 Suaviter

80 393 254 460 requiesces,
269 391 294 441 ai
308 397 442 441 cortuum
451 397 479 442 te
494 406 549 442 non
557 381 774 458 reprehenderit.
809 393 875 446 Noli

81 476 190 538 laetari,
196 474 249 525 uiui
260 487 321 525 eum
329 473 512 528 benefeceris.
547 475 616 527 Mali
627 490 764 542 nunquam
774 474 877 528 hubent

82 573 175 611 veram
185 558 320 609 laetitiam
334 574 385 610 nee
397 560 533 611 internam
547 561 670 610 sentiunt
682 573 791 626 paoem,
811 563 877 628 quia

45 677 47 688 ·
81 659 146 694 non
170 647 224 694 eet
247 655 312 709 pax
334 643 464 709 impiis,
488 642 574 694 dioit
596 645 768 696 Dominus.
802 638 877 695 Etsi

82 726 214 778 dixerint:
225 725 256 777 ln
265 740 334 792 paee
344 739 511 789 romuleum
521 727 631 779 venient
640 727 724 795 euper
732 728 876 790 normale,

81 811 182 878 etquis
191 810 271 862 nobie
281 825 382 862 nocere
392 809 520 864 audebitl
529 827 563 863 ne
574 811 672 866 creden
683 813 736 865 eie:
747 813 877 879 quoniam

80 901 195 962 repente
215 901 346 961 exetuget
363 896 406 945 ira
423 895 476 946 Dei
496 899 525 946 et
537 895 566 945 in
584 893 698 946 nihilum
716 897 878 963 redigentur

81 986 160 1032 annue
171 992 276 1042 eorum,
287 985 317 1030 et
325 979 508 1046 cogitationes
518 993 614 1030 eorum
623 980 758 1045 peribunt.

131 1082 157 1130 2.
178 1078 331 1131 Gloriari
354 1073 387 1128 in
410 1077 641 1129 tribulatione
660 1092 715 1127 non
735 1084 778 1128 est
792 1093 876 1145 grave

81 1165 200 1224 amanti3
219 1165 260 1215 sie
274 1163 346 1236 enirn
361 1162 477 1229 gloriari
492 1169 535 1212 est
552 1160 703 1227 gloriari
725 1161 758 1211 in
770 1177 876 1213 eruce

82 1248 228 1302 Domini.
262 1247 360 1299 Brevis
370 1245 475 1312 gloria,
490 1257 562 1312 quae
576 1244 612 1296 ab
626 1243 782 1296 homiuibus
796 1244 878 1296 datur

81 1343 110 1385 et
119 1333 263 1399 accipitur.
297 1329 395 1382 Mundi
414 1329 532 1396 gloriam
547 1343 657 1396 semper
670 1329 817 1381 comitetur
829 1329 877 1379 tri·

80 1418 171 1469 stitia.
202 1416 344 1467 Bonorum
362 1414 454 1482 gloria
472 1416 499 1466 in
519 1415 695 1468 conamentiin
720 1427 829 1475 eurum,
849 1423 878 1465 et

80 1517 134 1552 non
145 1502 174 1552 in
184 1515 234 1551 ore
244 1497 392 1550 hominum.
426 1500 568 1552 iustorum
577 1499 685 1552 laetitia
694 1497 729 1550 de
738 1497 800 1550 Deo
812 1499 877 1548 etin

80 1567 143 1638 Deo
155 1591 212 1646 est,
228 1589 257 1636 et
265 1582 397 1650 gaudium
407 1597 504 1634 eorum
514 1569 549 1634 de
558 1584 685 1636 veritate.
721 1581 877 1644 Quiverum
968 1638 972 1644 ,

81 1665 876 1734 etaeternamgloriamdeeideret,temporalemnoncurat.

80 1753 116 1804 Et
125 1752 174 1820 qui
182 1751 363 1817 temporalem
372 1749 489 1818 requirit
499 1749 617 1816 gloriam
628 1755 735 1801 autnon
742 1765 776 1801 ex
785 1752 876 1801 animo

81 1835 248 1896 contemnit,
280 1835 369 1886 minue
396 1847 490 1886 amare
518 1833 690 1886 eonmneitur
717 1833 876 1886 coelestem.

79 1922 213 1990 Magnum
222 1917 307 1969 habet
316 1917 408 1970 cordis
417 1915 654 1982 tranquillitatem,
664 1919 711 1984 qui
720 1916 877 1968 ueoluudae

81 2012 161 2058 curat
171 2019 222 2056 nee
230 2003 376 2070 vituperia.
619 2051 622 2058 ,
711 2047 713 2054 .

131 2089 157 2140 3.
175 2086 272 2139 Facile
292 2086 345 2138 erit
363 2088 509 2136 coutantur
528 2092 557 2134 et
574 2089 698 2149 pacatur,
717 2083 795 2150 eujus
814 2098 877 2135 eou-

81 2173 202 2226 ecientia
220 2169 322 2224 munda
340 2175 392 2220 eat.
426 2166 490 2220 Nou
506 2181 535 2218 er
554 2163 685 2230 sanctior,
703 2168 728 2220 ei
745 2166 877 2230 laudaris,

81 2257 233 2317 nocedim,
243 2255 268 2306 si
277 2252 451 2322 vituperarie-
486 2252 569 2315 Quod
579 2249 780 2315 ea‚hoeer,nee
788 2253 879 2319 major

82 2343 136 2396 dici
154 2339 246 2400 valea,
266 2351 349 2404 quam
366 2337 428 2392 Deo
447 2342 519 2390 teate
533 2337 580 2388 eiu.
617 2335 794 2400 sinuandis,
813 2338 878 2404 quid

82 2424 156 2494 apud
165 2429 194 2476 te
203 2424 242 2474 aia
252 2423 340 2496 intur,
354 2436 410 2474 non
425 2421 549 2483 curabis,
564 2420 629 2487 quid
643 2420 678 2472 de
687 2428 717 2474 te
730 2420 879 2488 loquuntur

82 2508 217 2562 homines.
255 2505 360 2558 Homo
378 2495 474 2558 v'idet
490 2507 523 2554 iu
542 2503 647 2568 iacie,
662 2505 753 2558 Deua
768 2511 878 2560 autem
931 2503 934 2507 '

82 2595 112 2644 in
132 2591 247 2648 eorde.
278 2591 374 2644 Heme
386 2588 544 2642 considerat
553 2595 640 2652 eume,
650 2589 727 2644 Deu'r
736 2603 803 2640 vero
812 2603 877 2655 pen·

81 2700 389 2717 -n——-

133 2757 151 2800 i.
162 2757 210 2798 ies.
220 2760 253 2802 ur,
261 2759 292 2797 ει.
303 2778 328 2786 -
336 2760 356 2798 2.
366 2756 428 2799 iton.
438 2762 458 2805 u,
466 2761 486 2800 e.
497 2754 570 2798 auio.
580 2761 599 2804 e.
608 2761 695 2800 in-u
705 2762 716 2799 1
733 2729 790 2798 ὲαιιι.
801 2758 858 2802 rur.
877 2783 883 2794 .
987 2816 991 2826 ι
