2072 3068
40 2794 97 2808 Α

186 191 235 242 ili
432 193 482 238 DE
502 190 733 238 ΙΜΙΤΑΤΙΟΝΕ

184 307 335 362 Nondum
367 323 473 376 usque
507 307 546 358 ati
574 307 771 374 sauguinem
798 305 979 356 restitisti.

117 391 121 400 '
184 393 285 448 Parum
291 398 347 456 est,
358 393 432 459 quod
441 381 470 443 u
479 393 592 458 pateris,
606 392 634 442 in
648 390 862 457 comparatione
873 404 979 451 eorum,

185 479 302 544 quitum
316 477 402 532 multe
416 476 491 542 pessi
504 479 580 537 sunt,
595 481 651 526 tum
665 471 777 526 fortiter
790 473 907 535 tentati,
921 477 979 524 tem

138 609 144 615 c
183 563 306 628 graviter
316 560 452 621 tribulati,
466 563 523 614 tem
536 557 725 624 multiplieiter
734 556 845 622 ptobpti
859 561 890 608 et
899 571 979 608 exer-

183 645 269 696 citati.
291 643 408 709 Oportet
416 647 444 694 te
453 643 538 708 igitur
548 641 665 692 eliorum
675 641 805 706 graviora
814 638 979 696 comentem

182 728 331 789 reducere,
346 732 377 776 ut
385 725 473 778 levius
482 724 557 778 foras
567 731 615 776 tue
629 725 750 778 minime.
786 725 822 782 Et
830 724 855 774 si
864 724 920 778 tibi
929 725 977 774 mi-

183 812 257 860 nime
270 809 473 872 nonvidcntur,
488 809 564 871 vide,
580 824 615 860 ue
630 814 658 865 et
672 805 725 878 hoc
735 804 881 858 tuafeciat
890 807 978 872 impa-

182 894 289 943 tientia.
325 891 388 944 Sive
408 898 499 943 temen
512 906 598 959 parva
616 893 675 944 sive
690 906 793 958 mogus
804 891 875 954 sint,
895 889 978 942 stude
1007 875 1010 886 ’

148 977 156 988 “
183 983 281 1028 cuncte
289 978 426 1043 patienter
434 975 560 1032 sufferre.
629 1019 635 1035 ,

233 1065 258 1112 2.
277 1063 386 1124 Quanto
396 1061 494 1118 metius
504 1059 708 1127 edpatiendum
718 1066 747 1112 te
757 1059 977 1126 disponis,tento

184 1147 334 1213 sapientius
345 1146 406 1214 agis
417 1146 569 1212 etamplius
579 1144 761 1211 promereris3
779 1142 854 1196 teres
865 1157 978 1210 quoque

182 1231 285 1294 levius,
305 1233 396 1282 animo
417 1235 445 1281 et
462 1227 514 1282 utu
532 1228 568 1279 ad
582 1226 636 1282 hoe
649 1243 704 1279 nou
723 1228 847 1296 segniter
860 1228 977 1296 peratis.

182 1313 242 1366 Neo
257 1314 346 1366 dicas:
366 1313 429 1371 Non
441 1313 522 1363 vulso
538 1310 607 1364 heco
621 1313 655 1364 ab
671 1309 781 1366 homine
792 1310 842 1362 teli
852 1312 913 1376 peti
928 1326 980 1362 nee

184 1396 375 1462 hujuscemodi
387 1395 455 1450 mihi
463 1397 595 1463 patiendo
608 1402 683 1446 eunti
703 1411 787 1463 grave
801 1397 875 1450 enim
883 1395 980 1454 intulit

185 1479 312 1535 damnum
322 1479 617 1548 etimproperutmihi,
633 1494 704 1547 quoe
719 1493 857 1546 uunquam
871 1480 978 1546 cogitu-

184 1576 291 1625 verem3
310 1562 359 1614 sed
374 1564 410 1615 eb
424 1564 479 1614 aiio
490 1564 609 1616 libenter
617 1565 709 1629 patiar
724 1569 752 1616 et
765 1563 979 1628 sieutpattcntp

183 1645 290 1702 videro.
323 1647 458 1714 insipieus
473 1654 515 1700 est
524 1648 588 1699 talis
604 1648 752 1714 cogitatio,
767 1661 838 1714 quee
847 1647 978 1698 virtutem

182 1729 334 1795 patientiae
344 1745 400 1786 non
409 1731 581 1795 considerat,
590 1747 642 1789 nee
652 1746 669 1781 o
679 1746 733 1798 quo
743 1730 904 1788 coronanda
915 1732 977 1792 erit,

183 1813 233 1870 sed
242 1816 330 1884 magis
339 1831 474 1885 personas
485 1822 513 1868 et
523 1815 644 1868 offensos
654 1815 708 1866 sibi
716 1815 810 1866 illotas
820 1814 974 1882 perpendit.

232 1913 256 1967 3.
275 1912 338 1969 Non
353 1919 396 1966 est
404 1930 484 1968 verus
494 1916 616 1982 patiens,
631 1913 679 1981 qui
692 1913 751 1979 peti
764 1927 819 1964 non
833 1915 906 1978 vult,
922 1917 975 1967 nisi

182 2003 312 2064 quantum
330 2000 384 2053 sibi
401 2001 489 2060 visum
507 1999 592 2051 fuerit
609 1986 639 2049 et
657 2011 674 2046 e
688 2011 742 2063 quo
760 1995 814 2046 sibi
827 1997 973 2063 placuerit.

180 2081 269 2132 Verus
294 2088 385 2136 autem
403 2083 511 2148 patiens
533 2097 588 2132 non
608 2079 725 2130 attendit
743 2093 760 2128 a
779 2093 832 2146 quo
852 2073 974 2143 homine,

180 2170 272 2215 utrum
286 2165 437 2232 opreeleto
453 2179 503 2216 suo
519 2179 554 2214 an
569 2163 708 2230 abaliquo
725 2161 835 2229 aequati
848 2164 973 2215 euticie·

179 2249 262 2310 riori,
276 2254 368 2300 utrum
383 2248 482 2305 abono
498 2253 526 2304 et
538 2252 635 2298 sancto
646 2247 705 2298 viro
715 2247 761 2298 vel
776 2261 934 2312 apernerso
946 2253 974 2299 et

181 2330 294 2396 indigno
306 2335 480 2394 exerceatis}
499 2329 549 2382 sed
558 2329 749 2382 indifferenter
763 2330 797 2381 ab
812 2332 887 2381 omni
898 2345 972 2382 cree-

120 2480 124 2490 ,
181 2424 252 2474 nire,
263 2419 500 2482 quantumcunque
511 2419 539 2466 et
548 2414 763 2482 quotiescunque
774 2415 800 2465 ei
810 2413 916 2480 aliquid
927 2413 972 2464 ed-

181 2496 254 2546 versi
265 2497 404 2560 acciderit,
414 2505 503 2549 totum
513 2497 567 2550 hoe
577 2498 610 2549 de
620 2513 702 2549 menu
710 2499 765 2550 Dei
776 2502 920 2564 gratanter
929 2513 972 2550 ao·

182 2578 249 2642 cipit
264 2585 291 2629 et
299 2579 396 2646 ingens
406 2583 511 2632 lucrum
524 2588 646 2648 reputet:
666 2583 731 2648 quia
741 2581 780 2631 nil
790 2583 862 2648 apud
874 2589 973 2642 Deum,

181 2685 501 2701 *nv—nn*—

238 2748 257 2786 Ι.
274 2745 343 2788 flstn.
355 2749 388 2794 te,
397 2749 418 2786 4.
