2072 3068
166 215 214 264 102
407 211 713 260 obturabimus

217 329 241 380 5.
260 328 399 380 Interdum
409 344 475 382 vere
489 333 600 396 oportet
607 327 742 380 violentia
750 327 791 378 uti
806 333 834 379 ct
843 329 964 380 viriiiter

169 413 302 481 appetitui
312 415 443 465 sensitiva
454 414 601 476 conuaire,
612 428 663 465 nec
673 411 829 474 advertere,
840 412 908 480 quid
918 428 965 465 ve-

169 499 201 550 lit
211 513 276 550 carc
288 503 317 550 et
326 497 391 566 quid
400 512 456 548 nou
465 497 540 561 velit,
555 495 605 549 sed
614 495 668 548 boc
677 496 766 564 magis
776 501 919 563 satagere,
934 504 967 549 ut

169 583 293 650 subjecta
302 583 346 645 sit,
358 583 441 634 ctiam
450 581 556 645 nolens,
567 582 685 650 spiritui.
720 580 756 632 Et
764 579 872 632 tamdiu
882 583 966 633 casti·

169 668 230 734 gari
240 667 323 718 debet
333 671 361 717 et
370 667 433 733 cogi
443 666 568 718 servituti
578 667 707 729 subesse,
719 664 808 716 donec
818 671 919 730 parata
929 667 968 717 sit

169 752 204 802 ad
215 752 320 812 omnia,
331 751 481 817 paucisque
491 750 646 802 contentari
654 738 745 801 'sliscat
755 754 783 800 et
792 749 968 816 simplicibus

169 835 311 896 delectari,
318 839 471 885 neccontra
480 829 593 902 aliqucd
603 833 798 885 inconveniens
805 835 966 887 mussitare.

469 1093 665 1122 ..a-*—

427 1357 585 1420 cucur
624 1319 705 1417 ru.

255 1493 297 1544 De
314 1491 508 1557 informatione
523 1492 672 1561 patientiae
695 1503 719 1546 el
738 1494 885 1546 luctamine

379 1579 502 1629 aduersus
522 1577 754 1646 concupiscentias.

221 1757 246 1806 1.
265 1733 392 1806 Domine
410 1754 501 1816 Deus,
520 1759 551 1804 ut
568 1751 665 1817 video,
683 1755 819 1821 patientia
838 1761 883 1808 est
899 1755 969 1808 mibi

172 1841 252 1894 valde
270 1841 442 1904 necessaria3
460 1840 547 1892 multa
566 1841 680 1892 enimin
695 1839 819 1893 hacvita
838 1843 972 1896 accidunt

172 1927 318 1979 contraria.
354 1923 425 1977 Nam
435 1925 661 1993 qualitercunque
675 1925 840 1977 ordinavere
851 1927 886 1979 de
896 1943 969 1994 pace

171 2027 242 2075 nica,
252 2026 307 2063 non
317 2015 482 2077 potestesse
492 2009 635 2062 sinebello
647 2015 675 2062 ct
685 2009 783 2062 dolore
792 2011 850 2062 vita
859 2025 932 2063 mea.

220 2099 244 2146 2.
263 2095 306 2147 ltu
320 2100 375 2157 est,
390 2093 438 2145 lili.
473 2093 530 2147 Sed
543 2093 608 2145 vole
623 2099 651 2146 te
665 2108 720 2145 nnn
735 2093 820 2146 talem
830 2107 969 2162 quaerere

169 2195 279 2246 pacem,
296 2194 366 2247 quae
376 2177 573 2230 tentationibus
588 2183 684 2230 careat
698 2183 747 2229 aut
760 2179 900 2229 contraria
909 2192 968 2229 nnn

170 2265 279 2326 sentiat,
286 2263 336 2315 sed
345 2262 503 2314 nuncetiam
514 2261 662 2314 aestimare
672 2268 701 2314 te
709 2275 806 2329 pacem
814 2261 967 2324 invenisse,

171 2361 231 2397 cum
250 2339 338 2398 iueri's
355 2348 439 2398 variis
457 2345 681 2398 tribulationibus
701 2345 869 2399 exercitatus
890 2349 919 2396 et
936 2345 967 2396 in

169 2431 262 2481 nsnltis
273 2431 514 2482 contrarietatibus
524 2429 666 2496 probatus.
702 2429 966 2492 Sidixeris,'teneu

169 2528 252 2580 posse
270 2512 357 2564 multa
374 2516 446 2581 pati,
466 2512 605 2581 quomedo
619 2519 690 2582 ¹tunc
707 2513 856 2565 sustinebis
871 2514 966 2581 ignem

170 2594 339 2664 purgatorii!
365 2596 415 2650 ‘Dc
427 2597 534 2649 dnobus
548 2593 629 2649 malls
640 2599 729 2651 miuus
745 2604 788 2649 est
796 2611 907 2665 semper
917 2598 967 2649 eli·

171 2680 298 2748 gendum.
334 2679 370 2730 Ut
388 2695 455 2748 ergo
475 2687 590 2734 aeterna
607 2678 702 2732 futura
719 2681 857 2748 supplicis
874 2683 967 2748 pessis

172 2764 302 2826 evadere,
317 2763 558 2830 suala'praesentia
572 2763 685 2818 studeas
695 2779 747 2834 pro
757 2766 819 2818 Dec
835 2766 966 2833 aequaui-
