2072 3068
152 207 202 256 1⁰8
348 189 350 194 ’
391 207 441 254 on
458 207 699 256 rnrrnrionn

151 329 229 386 tuus,
245 324 294 373 fiat
303 320 357 375 hoo
366 324 393 372 in
404 324 514 375 nomine
523 329 582 377 tuo.
616 324 750 386 Domine,
762 325 786 375 ai
795 323 864 376 mihi
874 325 953 378 vide-

150 407 190 456 ria
201 405 332 472 expedire
344 417 371 458 et
380 406 448 458 utile
459 421 520 459 erse
530 407 706 474 probaveris,
721 413 787 459 tuno
797 407 872 460 dona
881 407 954 461 mihi

152 488 255 542 hoauti
265 489 301 542 ad
311 489 538 542 honoremtuum.
572 489 954 554 Sadeimihinooivumfore

152 577 317 642 cognoveris
331 591 383 637 neo
397 565 506 628 animae
516 591 596 628 meae
611 575 693 627 saluti
704 576 853 642 prodesse,
869 577 955 630 aufer

152 672 169 707 a
182 674 226 710 me
240 659 297 710 tale
313 658 489 711 desidorium.
524 659 587 712 Non
603 661 675 712 anim
689 651 769 711 om'ne
779 659 954 712 desiderium
1018 681 1019 690 ¹

77 726 82 746 ’
152 747 195 793 eat
204 757 221 792 a
231 744 329 808 spiritu
340 750 451 807 saneto,
469 745 578 796 etiamsi
588 742 693 795 homini
702 743 830 796 videatur
842 751 953 796 rectum

152 826 299 877 othonum.
326 827 637 895 Difficileeatprovero
645 827 952 896 judicarautrumspi-

149 910 220 960 ritus
234 909 323 962 bonna
339 925 373 962 an
389 913 532 965 alienanto
542 913 669 980 impellat
683 911 719 964 ad
734 911 951 963 desiderandum

151 991 351 1059 hoavelillud,
367 1013 401 1049 an
417 999 501 1050 etiam
516 1010 550 1050 ex
559 997 672 1064 proprio
686 997 825 1048 movearis
840 997 950 1063 spiritu.

150 1078 233 1130 Multi
242 1081 270 1130 in
280 1081 334 1133 fin'a
344 1089 409 1136 sunt
417 1081 539 1149 decepti,
556 1081 603 1149 qui
612 1081 701 1147 primo
711 1080 785 1132 bono
801 1081 901 1146 spiritu
911 1081 952 1130 vi-

152 1162 411 1218 dabanturinducti.

201 1249 225 1298 2.
245 1250 332 1316 Igitur
346 1265 456 1317 semper
471 1265 532 1302 oum
546 1252 646 1302 timore
656 1250 711 1304 Dei
721 1253 749 1300 et
759 1245 851 1299 cordia
861 1245 949 1299 hunii-
1018 1233 1021 1244 ’

150 1331 230 1384 litate
241 1332 453 1385 desiderandum
464 1340 507 1386 eat
517 1341 546 1385 et
554 1333 716 1400 petendum,
732 1330 864 1399 quidquid
876 1331 949 1384 desi·

152 1414 276 1467 derabile
285 1419 372 1468 menti
382 1418 514 1480 occurrit,
528 1419 701 1485 maximeque
712 1431 773 1468 oum
782 1415 897 1482 propria
904 1429 950 1467 re·

152 1500 309 1566 signatione
323 1499 488 1552 mihitotnm
503 1501 727 1552 committendum
742 1505 797 1563 eat,
814 1504 897 1567 atqua
909 1499 950 1552 di-

153 1582 281 1635 candum:
296 1582 950 1653 Domine‚tuooinqualiter1neliuaort3fiathoc

153 1666 505 1730 velillud,aicutvolueria.
538 1670 585 1722 Da
594 1668 758 1737 quodvieet
768 1669 950 1735 quantumvis

153 1758 181 1803 et
195 1752 305 1819 quando
320 1754 370 1805 via.
405 1754 463 1806 Fac
475 1769 597 1816 mecum,
616 1755 688 1805 sicut
700 1753 755 1804 soie
771 1757 799 1803 et
813 1752 885 1803 siout
899 1752 951 1803 tibi

153 1839 242 1905 magis
256 1838 392 1905 placuerit
411 1846 440 1890 et
456 1839 547 1905 major
561 1837 651 1922 honor
665 1843 728 1889 tuus
742 1835 836 1888 fuerit.
871 1834 950 1887 Pone

152 1936 196 1974 me
207 1923 310 1987 ubivis,
317 1929 345 1976 et
353 1924 441 1976 libere
452 1938 505 1991 age
515 1938 622 1974 mecum
630 1923 660 1974 in
669 1922 803 1974 omnibus.
827 1921 858 1973 ln
867 1935 950 1972 manu

153 2017 201 2056 tua
210 2023 284 2072 rum,
299 2023 371 2076 gyra
381 2014 409 2059 et
417 2022 531 2060 reversa
540 2023 584 2059 me
593 2021 644 2073 per
653 2007 805 2059 circuitum.
840 2006 882 2058 En
892 2021 949 2058 aar·

155 2107 202 2143 vus
212 2098 275 2144 tuus
291 2108 359 2160 ego,
374 2098 487 2159 paratus
501 2091 537 2142 ad
548 2092 653 2154 omnia,
668 2093 799 2159 quoniam
812 2106 867 2143 non
878 2090 948 2142 deri·

155 2177 221 2230 dero
232 2176 300 2229 mihi
309 2179 411 2240 vivere,
422 2176 473 2229 aad
481 2177 546 2236 tibi;
564 2177 669 2228 utinam
679 2175 762 2245 digna
773 2182 802 2228 et
810 2171 947 2243 perfecte.

198 2443 203 2455 ·
248 2369 345 2421 Oratio
361 2385 413 2436 pro
434 2366 595 2435 beneplacito
614 2366 669 2418 Dei
683 2366 857 2436 perficiendo.

205 2507 229 2557 3.
249 2502 378 2557 concede
401 2501 483 2565 mihi,
506 2501 703 2568 benignissime
721 2502 802 2564 Jeau,
831 2503 948 2569 gratiam

154 2585 947 2653 tuam,nemaeumsitetmeeumlaboret,mecumqueus-

156 2690 209 2741 qne
223 2675 252 2725 in
266 2674 349 2724 finem
362 2674 532 2740 perseveret.
566 2670 611 2721 Da
620 2655 688 2720 r'nihi
697 2667 870 2736 hooaemper
879 2669 949 2720 deri-

156 2758 256 2810 derare
275 2763 303 2810 at
321 2751 407 2815 vella,
432 2752 506 2819 quod
523 2753 574 2804 tihi
593 2754 681 2820 magia
701 2759 843 2820 acceptum
863 2760 905 2804 eat
923 2757 949 2804 at
