<?xml version="1.0" encoding="UTF-8"?>
<!DOCTYPE html PUBLIC "-//W3C//DTD XHTML 1.0 Transitional//EN"
    "http://www.w3.org/TR/xhtml1/DTD/xhtml1-transitional.dtd">
<html xmlns="http://www.w3.org/1999/xhtml" xml:lang="en" lang="en">
 <head>
  <title>
</title>
<meta http-equiv="Content-Type" content="text/html;charset=utf-8" />
  <meta name='ocr-system' content='tesseract 3.04.00' />
  <meta name='ocr-capabilities' content='ocr_page ocr_carea ocr_par ocr_line ocrx_word'/>
</head>
<body>
  <div class='ocr_page' id='page_1' title='image "./thomaeakempisde00unkngoog_0047.png"; bbox 0 0 2056 3062; ppageno 0'>
   <div class='ocr_carea' id='block_1_1' title="bbox 227 191 847 242">
    <p class='ocr_par' dir='ltr' id='par_1_1' title="bbox 227 191 847 242">
     <span class='ocr_line' id='line_1_1' title="bbox 227 191 847 242; baseline 0.006 -4"><span class='ocrx_word' id='word_1_1' title='bbox 227 193 384 240; x_wconf 76' lang='lat' dir='ltr'><strong>cuulsrl</strong></span> <span class='ocrx_word' id='word_1_2' title='bbox 416 191 482 238; x_wconf 78' lang='lat' dir='ltr'><strong>Lru.</strong></span> <span class='ocrx_word' id='word_1_3' title='bbox 501 193 520 237; x_wconf 89' lang='lat'><strong>1.</strong></span> <span class='ocrx_word' id='word_1_4' title='bbox 539 192 613 240; x_wconf 75' lang='lat' dir='ltr'><strong>cur.</strong></span> <span class='ocrx_word' id='word_1_5' title='bbox 631 194 671 238; x_wconf 84' lang='lat' dir='ltr'><strong>1o.</strong></span> <span class='ocrx_word' id='word_1_6' title='bbox 814 191 847 242; x_wconf 80' lang='lat'><strong>31</strong></span> 
     </span>
    </p>
   </div>
   <div class='ocr_carea' id='block_1_2' title="bbox 11 306 893 2130">
    <p class='ocr_par' dir='ltr' id='par_1_2' title="bbox 42 306 849 698">
     <span class='ocr_line' id='line_1_2' title="bbox 42 306 848 376; baseline -0.001 -15"><span class='ocrx_word' id='word_1_7' title='bbox 42 324 131 361; x_wconf 74' lang='lat' dir='ltr'><strong>versa</strong></span> <span class='ocrx_word' id='word_1_8' title='bbox 140 308 252 376; x_wconf 78' lang='lat' dir='ltr'>placent</span> <span class='ocrx_word' id='word_1_9' title='bbox 262 309 407 372; x_wconf 83' lang='lat' dir='ltr'><strong>exercitia,</strong></span> <span class='ocrx_word' id='word_1_10' title='bbox 418 308 482 376; x_wconf 91' lang='lat' dir='ltr'><strong>quia</strong></span> <span class='ocrx_word' id='word_1_11' title='bbox 492 308 548 359; x_wconf 87' lang='lat' dir='ltr'><strong>alia</strong></span> <span class='ocrx_word' id='word_1_12' title='bbox 557 309 586 360; x_wconf 90' lang='lat' dir='ltr'><strong>in</strong></span> <span class='ocrx_word' id='word_1_13' title='bbox 595 306 689 372; x_wconf 84' lang='lat' dir='ltr'><strong>festis,</strong></span> <span class='ocrx_word' id='word_1_14' title='bbox 705 308 760 359; x_wconf 87' lang='lat' dir='ltr'><strong>alia</strong></span> <span class='ocrx_word' id='word_1_15' title='bbox 769 310 798 360; x_wconf 91' lang='lat' dir='ltr'><strong>in</strong></span> <span class='ocrx_word' id='word_1_16' title='bbox 806 308 848 360; x_wconf 78' lang='lat' dir='ltr'><strong>ie·</strong></span> 
     </span>
     <span class='ocr_line' id='line_1_3' title="bbox 43 392 848 460; baseline -0.002 -14"><span class='ocrx_word' id='word_1_17' title='bbox 43 394 129 446; x_wconf 84' lang='lat' dir='ltr'><strong>riatis</strong></span> <span class='ocrx_word' id='word_1_18' title='bbox 149 393 239 460; x_wconf 80' lang='lat' dir='ltr'><strong>magis</strong></span> <span class='ocrx_word' id='word_1_19' title='bbox 254 392 370 460; x_wconf 79' lang='lat' dir='ltr'><strong>&#39;sapiunt</strong></span> <span class='ocrx_word' id='word_1_20' title='bbox 388 393 494 444; x_wconf 87' lang='lat' dir='ltr'><strong>diebus.</strong></span> <span class='ocrx_word' id='word_1_21' title='bbox 529 393 596 446; x_wconf 85' lang='lat' dir='ltr'><strong>Aliis</strong></span> <span class='ocrx_word' id='word_1_22' title='bbox 611 392 766 460; x_wconf 81' lang='lat' dir='ltr'>indigemus</span> <span class='ocrx_word' id='word_1_23' title='bbox 780 399 848 445; x_wconf 88' lang='lat' dir='ltr'><strong>tem·</strong></span> 
     </span>
     <span class='ocr_line' id='line_1_4' title="bbox 43 477 847 546; baseline 0.001 -18"><span class='ocrx_word' id='word_1_24' title='bbox 43 491 120 545; x_wconf 85' lang='lat' dir='ltr'><strong>pore</strong></span> <span class='ocrx_word' id='word_1_25' title='bbox 134 478 312 541; x_wconf 78' lang='lat' dir='ltr'><strong>tentationis,</strong></span> <span class='ocrx_word' id='word_1_26' title='bbox 332 477 441 529; x_wconf 83' lang='lat' dir='ltr'><strong>etaliis</strong></span> <span class='ocrx_word' id='word_1_27' title='bbox 455 483 580 544; x_wconf 83' lang='lat' dir='ltr'><strong>tempore</strong></span> <span class='ocrx_word' id='word_1_28' title='bbox 599 478 675 544; x_wconf 87' lang='lat' dir='ltr'><strong>pacis</strong></span> <span class='ocrx_word' id='word_1_29' title='bbox 691 483 720 530; x_wconf 87' lang='lat' dir='ltr'><strong>et</strong></span> <span class='ocrx_word' id='word_1_30' title='bbox 738 479 847 546; x_wconf 88' lang='lat' dir='ltr'><strong>quietis.</strong></span> 
     </span>
     <span class='ocr_line' id='line_1_5' title="bbox 42 560 849 630; baseline 0 -16"><span class='ocrx_word' id='word_1_31' title='bbox 42 563 119 625; x_wconf 82' lang='lat' dir='ltr'><strong>Alia,</strong></span> <span class='ocrx_word' id='word_1_32' title='bbox 132 576 194 612; x_wconf 88' lang='lat' dir='ltr'><strong>cum</strong></span> <span class='ocrx_word' id='word_1_33' title='bbox 203 562 358 624; x_wconf 78' lang='lat' dir='ltr'><strong>tristamur,</strong></span> <span class='ocrx_word' id='word_1_34' title='bbox 368 560 438 612; x_wconf 86' lang='lat' dir='ltr'><strong>libet</strong></span> <span class='ocrx_word' id='word_1_35' title='bbox 447 563 581 630; x_wconf 78' lang='lat' dir='ltr'><strong>cogitare,</strong></span> <span class='ocrx_word' id='word_1_36' title='bbox 592 568 621 614; x_wconf 91' lang='lat' dir='ltr'><strong>et</strong></span> <span class='ocrx_word' id='word_1_37' title='bbox 630 561 699 624; x_wconf 84' lang='lat' dir='ltr'><strong>ulia,</strong></span> <span class='ocrx_word' id='word_1_38' title='bbox 710 577 771 612; x_wconf 91' lang='lat' dir='ltr'><strong>oum</strong></span> <span class='ocrx_word' id='word_1_39' title='bbox 778 561 849 614; x_wconf 85' lang='lat' dir='ltr'><strong>&#39;laeti</strong></span> 
     </span>
     <span class='ocr_line' id='line_1_6' title="bbox 42 643 362 698; baseline -0.013 0"><span class='ocrx_word' id='word_1_40' title='bbox 42 649 74 698; x_wconf 85' lang='lat' dir='ltr'><strong>iu</strong></span> <span class='ocrx_word' id='word_1_41' title='bbox 84 646 209 698; x_wconf 91' lang='lat' dir='ltr'><strong>Domino</strong></span> <span class='ocrx_word' id='word_1_42' title='bbox 221 643 362 697; x_wconf 76' lang='lat' dir='ltr'><strong>fuerimus.</strong></span> 
     </span>
    </p>

    <p class='ocr_par' dir='ltr' id='par_1_3' title="bbox 11 727 875 1470">
     <span class='ocr_line' id='line_1_7' title="bbox 99 727 848 797; baseline -0.004 -15"><span class='ocrx_word' id='word_1_43' title='bbox 99 730 125 782; x_wconf 87' lang='grc'><strong>6.</strong></span> <span class='ocrx_word' id='word_1_44' title='bbox 147 729 228 780; x_wconf 86' lang='lat' dir='ltr'><strong>Circa</strong></span> <span class='ocrx_word' id='word_1_45' title='bbox 246 729 411 797; x_wconf 79' lang='lat' dir='ltr'><strong>principalia</strong></span> <span class='ocrx_word' id='word_1_46' title='bbox 429 727 503 781; x_wconf 84' lang='lat' dir='ltr'><strong>festa</strong></span> <span class='ocrx_word' id='word_1_47' title='bbox 519 729 680 781; x_wconf 82' lang='lat' dir='ltr'><strong>renovanda</strong></span> <span class='ocrx_word' id='word_1_48' title='bbox 698 729 848 780; x_wconf 82' lang='lat' dir='ltr'><strong>suntbona</strong></span> 
     </span>
     <span class='ocr_line' id='line_1_8' title="bbox 46 811 848 882; baseline -0.001 -15"><span class='ocrx_word' id='word_1_49' title='bbox 46 813 187 867; x_wconf 80' lang='lat' dir='ltr'><strong>exercitia</strong></span> <span class='ocrx_word' id='word_1_50' title='bbox 201 818 231 864; x_wconf 87' lang='lat' dir='ltr'><strong>et</strong></span> <span class='ocrx_word' id='word_1_51' title='bbox 244 811 408 866; x_wconf 83' lang='lat' dir='ltr'><strong>Sanctorum</strong></span> <span class='ocrx_word' id='word_1_52' title='bbox 427 811 562 882; x_wconf 79' lang='lat' dir='ltr'><strong>suffragia</strong></span> <span class='ocrx_word' id='word_1_53' title='bbox 579 813 732 866; x_wconf 81' lang='lat' dir='ltr'><strong>ferventius</strong></span> <span class='ocrx_word' id='word_1_54' title='bbox 749 814 848 880; x_wconf 90' lang='lat' dir='ltr'><strong>implo-</strong></span> 
     </span>
     <span class='ocr_line' id='line_1_9' title="bbox 45 895 847 966; baseline -0.004 -14"><span class='ocrx_word' id='word_1_55' title='bbox 45 897 149 952; x_wconf 82' lang='lat' dir='ltr'><strong>randa.</strong></span> <span class='ocrx_word' id='word_1_56' title='bbox 169 895 847 966; x_wconf 82' lang='lat' dir='ltr'><strong>·Deiestoinfestumpropoueredebemus,quasi</strong></span> 
     </span>
     <span class='ocr_line' id='line_1_10' title="bbox 44 979 849 1058; baseline 0 -24"><span class='ocrx_word' id='word_1_57' title='bbox 44 991 115 1034; x_wconf 76' lang='lat' dir='ltr'><strong>timo</strong></span> <span class='ocrx_word' id='word_1_58' title='bbox 124 981 161 1034; x_wconf 89' lang='lat' dir='ltr'><strong>de</strong></span> <span class='ocrx_word' id='word_1_59' title='bbox 170 979 225 1032; x_wconf 82' lang='lat' dir='ltr'><strong>hoe</strong></span> <span class='ocrx_word' id='word_1_60' title='bbox 234 979 346 1031; x_wconf 81' lang='lat' dir='ltr'><strong>saeculo</strong></span> <span class='ocrx_word' id='word_1_61' title='bbox 357 981 502 1047; x_wconf 82' lang='lat' dir='ltr'><strong>migraturi</strong></span> <span class='ocrx_word' id='word_1_62' title='bbox 512 987 540 1032; x_wconf 90' lang='lat' dir='ltr'><strong>et</strong></span> <span class='ocrx_word' id='word_1_63' title='bbox 550 981 585 1031; x_wconf 83' lang='lat' dir='ltr'><strong>ad</strong></span> <span class='ocrx_word' id='word_1_64' title='bbox 595 989 737 1034; x_wconf 89' lang='lat' dir='ltr'><strong>aeternum</strong></span> <span class='ocrx_word' id='word_1_65' title='bbox 746 981 849 1058; x_wconf 83' lang='lat' dir='ltr'><strong>festum</strong></span> 
     </span>
     <span class='ocr_line' id='line_1_11' title="bbox 13 1063 848 1136; baseline 0 -18"><span class='ocrx_word' id='word_1_66' title='bbox 13 1127 15 1136; x_wconf 23' lang='lat' dir='ltr'><strong><em>s</em></strong></span> <span class='ocrx_word' id='word_1_67' title='bbox 46 1065 220 1134; x_wconf 82' lang='lat' dir='ltr'><strong>perventuri.</strong></span> <span class='ocrx_word' id='word_1_68' title='bbox 255 1063 378 1130; x_wconf 85' lang='lat' dir='ltr'><strong>Ideoque</strong></span> <span class='ocrx_word' id='word_1_69' title='bbox 388 1063 508 1114; x_wconf 82' lang='lat' dir='ltr'><strong>sollicite</strong></span> <span class='ocrx_word' id='word_1_70' title='bbox 522 1079 573 1114; x_wconf 90' lang='lat' dir='ltr'><strong>nos</strong></span> <span class='ocrx_word' id='word_1_71' title='bbox 587 1079 756 1132; x_wconf 83' lang='lat' dir='ltr'><strong>praeparare</strong></span> <span class='ocrx_word' id='word_1_72' title='bbox 766 1066 848 1118; x_wconf 85' lang='lat' dir='ltr'><strong>debe-</strong></span> 
     </span>
     <span class='ocr_line' id='line_1_12' title="bbox 11 1137 848 1213; baseline -0.001 -12"><span class='ocrx_word' id='word_1_73' title='bbox 11 1137 14 1178; x_wconf 50' lang='grc' dir='ltr'><strong><em>ἕ</em></strong></span> <span class='ocrx_word' id='word_1_74' title='bbox 48 1165 115 1201; x_wconf 75' lang='lat' dir='ltr'><strong>mua</strong></span> <span class='ocrx_word' id='word_1_75' title='bbox 131 1149 161 1198; x_wconf 88' lang='lat' dir='ltr'><strong>in</strong></span> <span class='ocrx_word' id='word_1_76' title='bbox 180 1145 287 1204; x_wconf 81' lang='lat' dir='ltr'><strong>devotis</strong></span> <span class='ocrx_word' id='word_1_77' title='bbox 305 1147 477 1212; x_wconf 80' lang='lat' dir='ltr'><strong>temporibus</strong></span> <span class='ocrx_word' id='word_1_78' title='bbox 492 1152 520 1198; x_wconf 91' lang='lat' dir='ltr'><strong>et</strong></span> <span class='ocrx_word' id='word_1_79' title='bbox 538 1147 666 1213; x_wconf 80' lang='lat' dir='ltr'><strong>devotius</strong></span> <span class='ocrx_word' id='word_1_80' title='bbox 680 1152 848 1212; x_wconf 82' lang='lat' dir='ltr'><strong>conversari,</strong></span> 
     </span>
     <span class='ocr_line' id='line_1_13' title="bbox 50 1229 849 1300; baseline 0 -16"><span class='ocrx_word' id='word_1_81' title='bbox 50 1241 137 1300; x_wconf 84' lang='lat' dir='ltr'><strong>atque</strong></span> <span class='ocrx_word' id='word_1_82' title='bbox 148 1229 258 1282; x_wconf 79' lang='lat' dir='ltr'><strong>omnem</strong></span> <span class='ocrx_word' id='word_1_83' title='bbox 272 1231 476 1282; x_wconf 80' lang='lat' dir='ltr'><strong>observantiam</strong></span> <span class='ocrx_word' id='word_1_84' title='bbox 485 1231 606 1283; x_wconf 82' lang='lat' dir='ltr'><strong>strictius</strong></span> <span class='ocrx_word' id='word_1_85' title='bbox 622 1233 775 1297; x_wconf 84' lang='lat' dir='ltr'><strong>custodire,</strong></span> <span class='ocrx_word' id='word_1_86' title='bbox 790 1240 849 1284; x_wconf 88' lang='lat' dir='ltr'><strong>tau-</strong></span> 
     </span>
     <span class='ocr_line' id='line_1_14' title="bbox 51 1303 875 1386; baseline 0.005 -19"><span class='ocrx_word' id='word_1_87' title='bbox 51 1332 136 1386; x_wconf 87' lang='lat' dir='ltr'><strong>quam</strong></span> <span class='ocrx_word' id='word_1_88' title='bbox 149 1316 179 1368; x_wconf 88' lang='lat' dir='ltr'><strong>iu</strong></span> <span class='ocrx_word' id='word_1_89' title='bbox 192 1316 270 1368; x_wconf 80' lang='lat' dir='ltr'><strong>brevi</strong></span> <span class='ocrx_word' id='word_1_90' title='bbox 283 1315 436 1382; x_wconf 88' lang='lat' dir='ltr'><strong>praemium</strong></span> <span class='ocrx_word' id='word_1_91' title='bbox 454 1315 560 1368; x_wconf 83' lang='lat' dir='ltr'><strong>laboris</strong></span> <span class='ocrx_word' id='word_1_92' title='bbox 579 1318 669 1368; x_wconf 87' lang='lat' dir='ltr'><strong>nostri</strong></span> <span class='ocrx_word' id='word_1_93' title='bbox 682 1333 699 1369; x_wconf 88' lang='lat' dir='ltr'><strong>a</strong></span> <span class='ocrx_word' id='word_1_94' title='bbox 712 1319 774 1370; x_wconf 88' lang='lat' dir='ltr'><strong>Deo</strong></span> <span class='ocrx_word' id='word_1_95' title='bbox 789 1333 850 1385; x_wconf 81' lang='lat' dir='ltr'><strong>per-</strong></span> <span class='ocrx_word' id='word_1_96' title='bbox 864 1303 875 1330; x_wconf 84' lang='lat'><em>&#39;</em></span> 
     </span>
     <span class='ocr_line' id='line_1_15' title="bbox 52 1399 718 1470; baseline -0.006 -12"><span class='ocrx_word' id='word_1_97' title='bbox 52 1402 169 1470; x_wconf 81' lang='lat' dir='ltr'><strong>cepturi.</strong></span> <span class='ocrx_word' id='word_1_98' title='bbox 715 1399 718 1408; x_wconf 84' lang='grc'><strong>“</strong></span> 
     </span>
    </p>

    <p class='ocr_par' dir='ltr' id='par_1_4' title="bbox 20 1482 893 2130">
     <span class='ocr_line' id='line_1_16' title="bbox 102 1482 893 1547; baseline 0.003 -8"><span class='ocrx_word' id='word_1_99' title='bbox 102 1491 127 1539; x_wconf 86' lang='grc'><strong>7.</strong></span> <span class='ocrx_word' id='word_1_100' title='bbox 146 1488 182 1539; x_wconf 87' lang='lat' dir='ltr'><strong>Et</strong></span> <span class='ocrx_word' id='word_1_101' title='bbox 191 1487 217 1538; x_wconf 88' lang='lat' dir='ltr'><strong>si</strong></span> <span class='ocrx_word' id='word_1_102' title='bbox 226 1482 341 1538; x_wconf 86' lang='lat' dir='ltr'><strong>dilatum</strong></span> <span class='ocrx_word' id='word_1_103' title='bbox 350 1484 445 1547; x_wconf 82' lang='lat' dir='ltr'><strong>fuerit,</strong></span> <span class='ocrx_word' id='word_1_104' title='bbox 457 1485 601 1537; x_wconf 77' lang='lat' dir='ltr'><strong>credamus</strong></span> <span class='ocrx_word' id='word_1_105' title='bbox 610 1502 662 1538; x_wconf 89' lang='lat' dir='ltr'><strong>uos</strong></span> <span class='ocrx_word' id='word_1_106' title='bbox 676 1487 766 1538; x_wconf 87' lang='lat' dir='ltr'><strong>miuus</strong></span> <span class='ocrx_word' id='word_1_107' title='bbox 779 1489 850 1546; x_wconf 78' lang='lat' dir='ltr'><strong>bene</strong></span> <span class='ocrx_word' id='word_1_108' title='bbox 889 1489 893 1498; x_wconf 87' lang='lat'><em>&#39;</em></span> 
     </span>
     <span class='ocr_line' id='line_1_17' title="bbox 50 1567 850 1642; baseline -0.003 -17"><span class='ocrx_word' id='word_1_109' title='bbox 50 1577 235 1642; x_wconf 78' lang='lat' dir='ltr'><strong>praeparatos</strong></span> <span class='ocrx_word' id='word_1_110' title='bbox 259 1579 343 1638; x_wconf 90' lang='lat' dir='ltr'><strong>atque</strong></span> <span class='ocrx_word' id='word_1_111' title='bbox 361 1567 491 1635; x_wconf 85' lang='lat' dir='ltr'><strong>indiguos</strong></span> <span class='ocrx_word' id='word_1_112' title='bbox 509 1574 605 1620; x_wconf 88' lang='lat' dir='ltr'><strong>tantae</strong></span> <span class='ocrx_word' id='word_1_113' title='bbox 624 1567 715 1621; x_wconf 86' lang='lat' dir='ltr'><strong>adhue</strong></span> <span class='ocrx_word' id='word_1_114' title='bbox 732 1571 850 1638; x_wconf 82' lang='lat' dir='ltr'><strong>gloriae,</strong></span> 
     </span>
     <span class='ocr_line' id='line_1_18' title="bbox 52 1653 852 1726; baseline -0.001 -18"><span class='ocrx_word' id='word_1_115' title='bbox 52 1671 126 1726; x_wconf 87' lang='lat' dir='ltr'><strong>quae</strong></span> <span class='ocrx_word' id='word_1_116' title='bbox 134 1656 305 1708; x_wconf 80' lang='lat' dir='ltr'><strong>revelabitur</strong></span> <span class='ocrx_word' id='word_1_117' title='bbox 313 1656 342 1704; x_wconf 89' lang='lat' dir='ltr'><strong>in</strong></span> <span class='ocrx_word' id='word_1_118' title='bbox 351 1653 431 1708; x_wconf 87' lang='lat' dir='ltr'><strong>nobis</strong></span> <span class='ocrx_word' id='word_1_119' title='bbox 440 1659 567 1718; x_wconf 85' lang='lat' dir='ltr'><strong>tempore</strong></span> <span class='ocrx_word' id='word_1_120' title='bbox 582 1653 743 1718; x_wconf 83' lang='lat' dir='ltr'><strong>praefinit03</strong></span> <span class='ocrx_word' id='word_1_121' title='bbox 759 1657 787 1707; x_wconf 83' lang='lat' dir='ltr'><strong>et</strong></span> <span class='ocrx_word' id='word_1_122' title='bbox 796 1663 852 1707; x_wconf 85' lang='lat' dir='ltr'><strong>stu-</strong></span> 
     </span>
     <span class='ocr_line' id='line_1_19' title="bbox 53 1735 852 1803; baseline -0.003 -10"><span class='ocrx_word' id='word_1_123' title='bbox 53 1741 168 1794; x_wconf 84' lang='lat' dir='ltr'><strong>deamus</strong></span> <span class='ocrx_word' id='word_1_124' title='bbox 177 1751 228 1791; x_wconf 87' lang='lat' dir='ltr'><strong>uos</strong></span> <span class='ocrx_word' id='word_1_125' title='bbox 237 1738 337 1789; x_wconf 85' lang='lat' dir='ltr'><strong>melius</strong></span> <span class='ocrx_word' id='word_1_126' title='bbox 348 1735 384 1788; x_wconf 88' lang='lat' dir='ltr'><strong>ad</strong></span> <span class='ocrx_word' id='word_1_127' title='bbox 395 1737 498 1788; x_wconf 81' lang='lat' dir='ltr'><strong>exitum</strong></span> <span class='ocrx_word' id='word_1_128' title='bbox 512 1751 690 1803; x_wconf 78' lang='lat' dir='ltr'><strong>praeparare.</strong></span> <span class='ocrx_word' id='word_1_129' title='bbox 725 1738 852 1791; x_wconf 85' lang='lat' dir='ltr'><strong>Beatus</strong></span> 
     </span>
     <span class='ocr_line' id='line_1_20' title="bbox 20 1819 852 1888; baseline -0.002 -12"><span class='ocrx_word' id='word_1_130' title='bbox 20 1865 25 1876; x_wconf 75' lang='grc'>.</span> <span class='ocrx_word' id='word_1_131' title='bbox 53 1839 191 1886; x_wconf 74' lang='lat' dir='ltr'><strong>servus,</strong></span> <span class='ocrx_word' id='word_1_132' title='bbox 207 1823 247 1874; x_wconf 83' lang='lat' dir='ltr'><strong>ait</strong></span> <span class='ocrx_word' id='word_1_133' title='bbox 262 1819 445 1887; x_wconf 82' lang='lat' dir='ltr'><strong>Evangelista</strong></span> <span class='ocrx_word' id='word_1_134' title='bbox 463 1821 566 1883; x_wconf 79' lang='lat' dir='ltr'><strong>Lucas,</strong></span> <span class='ocrx_word' id='word_1_135' title='bbox 584 1835 694 1888; x_wconf 83' lang='lat' dir='ltr'><strong>quem,</strong></span> <span class='ocrx_word' id='word_1_136' title='bbox 714 1837 784 1873; x_wconf 86' lang='lat' dir='ltr'><strong>eum</strong></span> <span class='ocrx_word' id='word_1_137' title='bbox 802 1839 852 1874; x_wconf 80' lang='lat' dir='ltr'><strong>ve-</strong></span> 
     </span>
     <span class='ocr_line' id='line_1_21' title="bbox 53 1905 854 1978; baseline -0.006 -16"><span class='ocrx_word' id='word_1_138' title='bbox 53 1905 514 1966; x_wconf 79' lang='lat' dir='ltr'><strong>neritDominus‚iuvenerit</strong></span> <span class='ocrx_word' id='word_1_139' title='bbox 526 1905 736 1972; x_wconf 84' lang='lat' dir='ltr'><strong>vigilantem.</strong></span> <span class='ocrx_word' id='word_1_140' title='bbox 754 1907 854 1978; x_wconf 81' lang='lat' dir='ltr'><strong>Amen</strong></span> 
     </span>
     <span class='ocr_line' id='line_1_22' title="bbox 55 1973 854 2052; baseline -0.01 -4"><span class='ocrx_word' id='word_1_141' title='bbox 55 1995 132 2048; x_wconf 83' lang='lat' dir='ltr'><strong>dieo</strong></span> <span class='ocrx_word' id='word_1_142' title='bbox 159 1991 273 2052; x_wconf 81' lang='lat' dir='ltr'><strong>robis,</strong></span> <span class='ocrx_word' id='word_1_143' title='bbox 302 2001 405 2052; x_wconf 81' lang='lat' dir='ltr'><strong>super</strong></span> <span class='ocrx_word' id='word_1_144' title='bbox 433 1988 545 2038; x_wconf 87' lang='lat' dir='ltr'><strong>omnia</strong></span> <span class='ocrx_word' id='word_1_145' title='bbox 570 1973 662 2040; x_wconf 78' lang='lat' dir='ltr'><strong>bona</strong></span> <span class='ocrx_word' id='word_1_146' title='bbox 686 2001 749 2039; x_wconf 85' lang='lat' dir='ltr'><strong>sua</strong></span> <span class='ocrx_word' id='word_1_147' title='bbox 776 2004 854 2040; x_wconf 88' lang='lat' dir='ltr'><strong>eou-</strong></span> 
     </span>
     <span class='ocr_line' id='line_1_23' title="bbox 53 2075 387 2130; baseline -0.015 0"><span class='ocrx_word' id='word_1_148' title='bbox 53 2079 179 2130; x_wconf 85' lang='lat' dir='ltr'><strong>stituet</strong></span> <span class='ocrx_word' id='word_1_149' title='bbox 198 2087 279 2126; x_wconf 88' lang='lat' dir='ltr'><strong>eum.</strong></span> <span class='ocrx_word' id='word_1_150' title='bbox 384 2075 387 2082; x_wconf 91' lang='lat'>&#39;</span> 
     </span>
    </p>
   </div>
   <div class='ocr_carea' id='block_1_3' title="bbox 55 2182 375 2200">
    <p class='ocr_par' dir='ltr' id='par_1_5' title="bbox 55 2182 375 2200">
     <span class='ocr_line' id='line_1_24' title="bbox 55 2182 375 2200; baseline 0 -8"><span class='ocrx_word' id='word_1_151' title='bbox 55 2182 375 2200; x_wconf 49' lang='grc' dir='ltr'><em>Μ</em></span> 
     </span>
    </p>
   </div>
   <div class='ocr_carea' id='block_1_4' title="bbox 109 2241 324 2290">
    <p class='ocr_par' dir='ltr' id='par_1_6' title="bbox 109 2241 324 2290">
     <span class='ocr_line' id='line_1_25' title="bbox 109 2241 324 2290; baseline -0.028 -4"><span class='ocrx_word' id='word_1_152' title='bbox 109 2248 129 2286; x_wconf 75' lang='lat' dir='ltr'><strong>t.</strong></span> <span class='ocrx_word' id='word_1_153' title='bbox 143 2241 196 2284; x_wconf 72' lang='lat' dir='ltr'><strong>Lus.</strong></span> <span class='ocrx_word' id='word_1_154' title='bbox 207 2245 239 2290; x_wconf 81' lang='lat'><strong>12,</strong></span> <span class='ocrx_word' id='word_1_155' title='bbox 247 2244 280 2282; x_wconf 75' lang='grc'><strong>43.</strong></span> <span class='ocrx_word' id='word_1_156' title='bbox 289 2245 324 2284; x_wconf 77' lang='grc'><strong>44,</strong></span> 
     </span>
    </p>
   </div>
   <div class='ocr_carea' id='block_1_5' title="bbox 0 0 1051 3062">
    <p class='ocr_par' dir='ltr' id='par_1_7' title="bbox 0 0 1051 3062">
     <span class='ocr_line' id='line_1_26' title="bbox 0 0 1051 3062; baseline 0 0"><span class='ocrx_word' id='word_1_157' title='bbox 0 0 1051 3062; x_wconf 95' lang='lat' dir='ltr'><strong> </strong></span> 
     </span>
    </p>
   </div>
  </div>
 </body>
</html>
