2084 3064
245 214 404 262 cunisrl
438 215 503 260 Lib.
521 214 563 260 111.
582 216 656 262 Citl’.
675 219 714 263 54.
828 218 876 268 181

77 331 134 398 pit,
153 331 245 398 gratia
258 345 324 383 vero
336 345 444 382 omnem
455 328 588 384 honorem
604 337 632 383 et
645 331 836 399 gloriamlieo
847 335 876 384 ii·

77 414 181 467 delitcr
191 415 324 466 attribuit.
607 481 608 484 Ἴ

127 499 153 551 6.
172 484 280 550 Natura
290 497 480 552 confusionem
489 499 568 552 timet
577 504 794 562 etcontemtum;
812 515 874 568 gra-

75 583 117 634 tia
127 587 222 633 autem
231 583 336 650 ganist
345 597 395 655 pro
406 579 516 636 nomina
525 584 592 638 Jesu
602 581 797 638 eonmnelian
807 583 873 649 pati.

127 669 154 716 7.
172 666 280 718 Natura
298 669 385 719 otium
404 674 479 720 amat
497 674 526 718 et
544 668 665 736 quietem
686 666 897 734 corporalem·

75 752 171 820 gratia
180 766 246 804 vero
258 767 345 804 vacua
360 769 420 806 esse
435 769 490 806 non
500 758 606 820 potest,
620 751 672 806 sed
686 751 805 806 libenter
819 765 875 802 am·
943 805 950 812 ,

74 836 210 903 plectitur
218 835 352 888 laborem.

127 921 153 971 8.
172 919 280 972 Natura
290 921 398 989 quaerit
407 919 511 974 habere
522 923 632 975 curiosa
646 927 675 974 et
683 920 812 990 pulchra,
828 923 875 974 ab·

75 1003 175 1056 horret
189 1005 255 1055 vilia
270 1011 298 1058 et
311 1021 425 1074 grossa3
447 1005 539 1074 gratia
557 1020 622 1058 vero
642 1007 811 1073 simplicibus
828 1005 874 1056 de·

74 1089 199 1140 lectatur
209 1103 237 1140 er
246 1087 403 1153 humilibus,
415 1104 514 1157 aspera
523 1103 579 1142 non
590 1096 762 1156 aspernatur,
769 1103 821 1141 nec
829 1104 875 1139 ve·

74 1173 161 1223 tustis
170 1171 277 1240 refugit
286 1174 363 1225 indui
373 1175 478 1240 pannis.

129 1257 155 1308 9.
173 1256 282 1309 Natura
298 1259 413 1325 respicit
427 1257 607 1324 temporalia,
626 1257 731 1325 gautlet
749 1256 784 1308 ad
798 1256 877 1308 lucra

10 1327 13 1336 ¹
75 1349 204 1405 terrena,
220 1343 347 1394 tristatur
362 1341 397 1394 de
412 1341 527 1406 damno,
546 1343 672 1393 irritatur
686 1342 740 1394 levi
758 1341 878 1408 injuriae

10 1429 18 1446 '¹
77 1426 183 1490 verh03
209 1426 260 1478 sed
279 1427 371 1496 gratia
389 1426 507 1479 attenffit
526 1433 653 1489 aeterna,
677 1441 732 1477 non
750 1409 878 1478 inhaeret

77 1509 294 1577 temporalibus,
310 1527 361 1564 nec
370 1513 397 1564 in
407 1511 564 1580 perditione
573 1528 665 1564 rerum
675 1511 815 1574 turbatur,
830 1525 877 1562 ne-

11 1585 14 1602 *
79 1610 135 1662 que
153 1595 245 1648 verbis
265 1595 422 1649 durioribus
441 1598 601 1661 acerbatur,
630 1597 696 1664 quia
718 1594 878 1649 thesaurum

79 1693 161 1730 suum
172 1686 200 1730 et
208 1679 339 1747 gaudium
349 1682 377 1731 in
388 1682 477 1746 coelo,
487 1683 535 1734 ubi
544 1683 584 1732 nil
592 1681 673 1748 perit,
685 1680 836 1732 constituit.
958 1667 962 1680 '

83 1823 89 1832 x
132 1765 174 1814 1⁰.
193 1763 300 1816 Natura
310 1765 410 1832 cupida
421 1771 476 1828 est,
492 1773 520 1817 et
529 1765 659 1818 libentius
670 1764 779 1829 accipit,
794 1775 877 1829 quam

79 1847 180 1910 donat3
199 1855 274 1899 amat
291 1849 405 1915 propria
423 1853 452 1899 et
467 1850 588 1915 privatae
610 1848 702 1916 gratia
721 1853 813 1900 autem
830 1845 877 1911 pia

80 1938 167 1985 estet
181 1935 346 1994 communis,
361 1934 430 1982 vitat
444 1932 610 1998 singularia,
626 1935 876 1996 contentaturpau-

12 2021 14 2046 '¹
81 2018 135 2079 ais,
153 2017 292 2070 beatius
312 2016 394 2067 dare
410 2016 547 2083 judicat
567 2029 662 2084 quam
681 2015 850 2080 accipere.

128 2102 170 2152 11.
190 2101 296 2154 Natura
305 2100 420 2152 inclinat
429 2100 465 2152 ad
475 2106 617 2153 creaturas
623 2135 631 2162 ,
648 2097 683 2150 ad
693 2111 803 2150 carnem
813 2110 876 2163 pro-

80 2187 183 2253 priam,
204 2184 240 2236 ad
254 2186 391 2236 vanitates
399 2189 435 2236 ret
449 2185 602 2245 discursus3
624 2181 673 2234 sed
688 2181 779 2249 gratia
793 2177 878 2232 trahit

81 2270 116 2321 ad
131 2271 222 2322 Deum
238 2274 266 2322 et
281 2269 317 2320 ad
330 2269 461 2333 virtutes,
479 2268 625 2320 renunciat
639 2267 786 2328 creaturis,
806 2263 879 2332 fugit

81 2354 224 2418 mundum,
240 2354 301 2405 odit
311 2354 401 2406 carnis
411 2353 564 2414 desideria,
578 2353 723 2419 restringit
735 2349 877 2416 evagatio-

82 2454 140 2502 nes,
152 2439 291 2490 erubescit
300 2439 328 2488 in
337 2439 448 2504 publico
461 2449 604 2504 apparere.

131 2524 173 2574 1².
191 2522 300 2574 Natura
313 2521 432 2574 libenter
447 2521 560 2589 aliquod
579 2518 709 2571 solatium
729 2487 812 2572 habat
831 2531 877 2566 ex-

15 2629 17 2632 ·
82 2615 202 2670 ternum,
217 2607 246 2658 in
261 2620 317 2688 quo
333 2605 487 2668 delectetur
500 2604 536 2656 su
546 2619 671 2666 sensuma
689 2603 739 2655 sed
749 2601 839 2669 gratia
849 2603 877 2649 in

138 2773 171 2814 1⁰.
187 2770 238 2814 Aet.
249 2775 284 2822 ²0,
293 2773 328 2814 bu.
