2072 3068
328 699 506 810 monn
553 735 822 815 uaaulos.

212 933 272 986 ΠΕ
303 926 519 987 ΙΝΤΕΒΝΑ
551 931 943 1012 CONSOLATIONE.

381 1135 769 1160 W

378 1345 383 1352 ·
433 1325 623 1414 ‘onnon
663 1325 692 1380 n

193 1493 194 1496 =
261 1461 429 1519 Deiotarus
451 1459 554 1512 Christi
571 1430 703 1514 locutione
724 1462 761 1512 ad
778 1461 917 1512 animam-

514 1543 631 1613 fidelem.
650 1581 652 1588 ·

230 1700 439 1785 1.‚Audiam,
464 1721 545 1788 quid
562 1722 726 1789 loquatur
742 1724 776 1772 in
794 1737 842 1774 me
860 1723 981 1774 Domi·

180 1826 241 1863 nuo
259 1811 358 1863 Deus.
399 1810 489 1861 Beata
498 1809 602 1871 anima,
618 1821 689 1876 quaa
699 1809 848 1858 Dominum
856 1809 885 1858 in
895 1823 927 1858 se
938 1808 982 1860 lo·

181 1901 311 1963 quantem
324 1894 402 1946 audit
417 1899 446 1946 et
459 1894 493 1946 de
509 1909 558 1946 ore
574 1893 633 1960 ejus
649 1893 848 1944 consolationis
862 1892 980 1943 verbum

181 1982 290 2048 ancipit.
325 1981 431 2032 Bootae
451 1993 546 2042 aures,
575 1993 646 2046 quae
663 1991 749 2028 venas
767 1977 852 2028 divini
870 1977 980 2028 susuni

180 2067 332 2134 suscipiunt
350 2071 378 2116 et
396 2063 431 2114 de
450 2063 545 2115 mundi
562 2061 643 2130 hujus
657 2061 892 2114 susurrationibus
907 2059 979 2111 nihil

181 2150 335 2202 advertunt
375 2148 481 2199 Baetae
499 2147 582 2214 plane
601 2161 696 2208 aines,
715 2161 786 2212 quae
805 2161 860 2196 non
877 2160 976 2196 vocem

180 2232 253 2296 foris
265 2237 422 2294 sonantem,
442 2231 492 2283 sed
506 2232 579 2282 intus
596 2225 754 2282 auscultant
767 2231 914 2280 veritatem
928 2228 977 2279 do·

92 2361 93 2368 ,
183 2324 297 2384 centem.
346 2316 426 2366 Beati
454 2314 546 2376 oculi,
584 2313 631 2379 qui
662 2313 846 2374 exterioribus
879 2313 977 2374 eleusi,

181 2399 360 2460 interioribus
384 2405 476 2450 autem
499 2402 563 2455 sunt
588 2398 695 2448 intenti.
739 2397 834 2458 Beati,
863 2396 912 2462 qui
935 2396 979 2454 ,in-

183 2492 263 2534 terna
286 2487 431 2548 penetrant
455 2480 541 2542 etad
564 2479 698 2548 capienda
721 2495 823 2532 arcana
844 2479 980 2531 eoelestia

183 2569 273 2632 magis
288 2581 321 2616 ao
334 2567 423 2632 magis
437 2581 488 2632 per
499 2564 661 2633 quotidiana
676 2566 809 2636 exercitia
823 2579 854 2616 se
868 2563 980 2616 student

242 2738 261 2775 s.
278 2730 362 2775 num.
375 2735 402 2774 ss
413 2731 470 2787 (ss),
480 2735 501 2774 s.
