2072 3068
176 210 211 262 tt
419 180 472 256 nn
489 204 731 256 rutrnrrouu

179 327 304 395 quamvis
313 324 422 378 hicnon
432 325 493 376 orit.
528 322 560 375 si
573 323 657 373 invite
667 326 776 387 ponas,
792 333 862 370 onus
872 318 967 371 tibiis-

178 412 219 464 cis
238 415 267 460 et
278 414 307 461 te
320 410 411 476 ipsum
424 408 514 474 magis
528 421 643 473 μινυς
667 411 696 456 ct
709 411 802 454 tamen
817 409 931 469 oportet
944 411 970 452 ut

179 494 325 546 sustineas.
361 493 391 545 Si
410 492 507 558 abjicis
525 504 608 540 unam
626 504 749 552 enicem,
774 487 860 538 aliam
878 485 969 554 procul
1009 557 1010 560 Ἰ

180 578 264 630 dubio
274 577 397 628 iuvenies
408 580 437 626 et
445 573 564 626 forsitan
574 574 739 640 graviorem.

229 669 254 720 6.
274 668 370 720 Credis
379 673 409 717 tu
420 666 552 728 evadere,
568 665 643 731 quod
657 665 747 715 nullu's
756 664 918 714 mortalium
928 679 971 730 po·

180 748 234 802 tuit
243 749 410 817 praeteriret
430 750 498 812 Quis
509 749 673 802 Sanctorum
681 751 710 799 in
719 747 821 799 mundo
827 748 973 799 sitrecmtc

182 843 211 886 et
223 833 401 884 tribulatione
415 833 484 885 initi
511 833 571 886 Nec
585 834 658 884 enim
667 834 748 885 lesus
763 829 905 894 Christus,
920 831 973 882 Do·

180 919 270 968 minus
289 911 397 979 noster,
417 932 471 969 una
484 915 555 968 hora
573 918 632 968 sine
647 915 746 969 dolore
759 916 900 982 passionis
915 914 974 976 luit,
1002 905 1011 922 '

182 1001 392 1069 quamdiuvixit.
429 1001 634 1068 Oportebat,
650 1002 702 1063 ait,
719 998 892 1052 christum
904 999 975 1068 pati

183 1092 216 1138 et
235 1075 421 1154 resurgere
445 1102 463 1137 a
486 1086 645 1147 mortuis,
669 1093 702 1135 et
724 1085 774 1134 ita
791 1077 926 1136 intr'are
944 1086 977 1135 in

182 1172 327 1239 gloriam
345 1186 445 1222 suam.
480 1172 517 1222 Et
525 1167 665 1237 quomodo
678 1167 976 1236 tualiamviamquae·

180 1256 233 1317 ris,
252 1269 335 1321 quam
352 1253 423 1306 hanc
439 1256 547 1321 regiam
561 1255 647 1314 viam,
662 1267 733 1319 quae
747 1259 790 1304 est
804 1253 850 1304 via
862 1261 976 1305 sanctae

183 1336 288 1389 cruciat
648 1352 651 1360 ¹

231 1423 257 1470 7.
276 1421 416 1472 Totatita
426 1418 891 1488 Christicruxiuitetmartyrium3
911 1428 977 1474 cttu

181 1503 232 1554 tibi
246 1505 357 1569 quaeris
369 1505 495 1571 requiem
509 1511 538 1556 et
552 1504 699 1572 gaudiuml
732 1506 831 1568 Eluas,
848 1520 941 1568 erras,
953 1507 977 1556 si

183 1587 259 1638 aliud
269 1588 392 1653 quaeris,
403 1603 484 1654 quam
494 1589 552 1655 pati
561 1588 766 1650 tribulationes,
777 1579 915 1656 quietata
923 1591 977 1640 ista

176 1672 239 1722 -rita
248 1671 373 1722 mortalis
383 1671 465 1738 plene
474 1679 518 1724 est
526 1672 644 1724 miseriis
655 1678 684 1723 et
693 1673 907 1738 circumsignata
917 1663 983 1724 oru-¹

177 1755 269 1808 cibus.
303 1755 340 1806 Et
354 1756 463 1822 quando
484 1755 566 1807 altius
581 1757 642 1822 quis
655 1757 685 1807 in
702 1757 800 1822 spiritu
815 1755 976 1822 profecerit,

178 1845 259 1892 tanto
270 1840 413 1907 puriores
423 1855 508 1906 saepe
519 1855 614 1892 eruces
628 1841 747 1903 invenit,
762 1840 828 1906 quia
842 1841 920 1892 exilii
934 1843 978 1893 sui

181 1939 273 1991 poena
281 1925 370 1991 magis
381 1937 519 1976 examore
530 1925 638 1978 crescit.

177 2043 180 2048 ·
231 2012 256 2064 8.
275 2008 332 2081 Sed
349 2015 442 2062 tamen
455 2009 509 2060 iste
527 2010 568 2060 sic
587 2008 775 2075 multipliciter
789 2006 907 2060 afflictus
922 2025 977 2060 non

183 2101 226 2145 est
239 2095 299 2145 sine
309 2093 444 2144 levamine
456 2079 670 2155 ooflnlationis,
687 2093 752 2159 quia
761 2089 880 2144 fructum
889 2095 977 2144 maxi·

179 2191 255 2228 mum
263 2178 317 2230 sibi
326 2178 410 2230 sentit
419 2193 579 2230 accrescere
589 2191 625 2228 ex
634 2173 976 2230 sufferentiasuaecrucis.

178 2259 253 2311 -Nam
262 2261 326 2311 dum
335 2267 434 2328 sponte
443 2276 474 2312 se
483 2261 527 2311 illi
540 2261 665 2328 subjicit,
681 2275 762 2324 omne
778 2275 847 2312 onus
861 2263 977 2314 tribule·

181 2342 265 2393 tionis
274 2343 303 2392 in
315 2343 444 2396 fiduciam
458 2337 572 2396 divinae
583 2344 782 2396 consolationis
797 2348 977 2398 convertitur.

178 2426 217 2478 Et
225 2433 328 2492 quanto
342 2441 407 2478 caro
417 2428 506 2495 magis
516 2443 567 2494 per
575 2425 753 2480 afflictionem
763 2428 905 2493 atteritur,
914 2437 977 2482 tan·

180 2515 210 2560 to
225 2509 338 2575 spiritus
352 2510 470 2576 amplius
484 2513 679 2577 perinternam
688 2511 975 2578 gratiamroborattu.

181 2593 418 2657 atnonnnnqunn
428 2594 572 2644 intantum
587 2593 804 2646 confortatum
815 2591 919 2648 ellectu
928 2591 976 2649 ¹tri·

183 2694 504 2712 m

238 2761 259 2800 t.
274 2757 329 2798 Lue-
340 2758 379 2804 24.
387 2758 423 2800 lt.
