2076 3066
70 137 72 151 ¹
174 143 205 192 12
275 213 278 225 Ι
410 143 461 190 DE
483 145 724 194 mirmion

432 415 589 486 CAPUT
625 415 702 474 vll.

300 551 343 605 De
364 567 433 605 oona
451 568 496 620 ope
515 561 542 604 et
560 552 674 606 elatione
684 552 828 624 fitgienda.

220 731 245 781 1.
268 713 364 784 Vanus
375 737 430 796 est,
446 732 493 799 qui
506 746 583 798 spem
592 745 670 784 suam
679 733 795 799 ponitin
805 731 977 786 hominibus

170 819 254 869 autin
268 819 410 872 oreaoiris.
445 819 546 872 Nonio
559 820 663 888 pudeat
676 819 738 871 aliis
752 818 855 871 servire
866 833 975 872 amore

103 956 106 962 ,
168 899 235 953 Jesu
246 888 356 966 Christi,
364 902 771 972 etpauperemiohoosaeoulo
780 901 879 954 videri.
899 903 971 954 Non
1011 919 1012 958 i

168 991 225 1038 stas
234 992 354 1055 superte
363 986 462 1055 ipsum,
471 987 559 1041 sedin
568 989 629 1042 Deo
639 993 801 1056 spemtuam
810 987 967 1040 constitue.
1011 967 1012 1018 ³

166 1070 223 1124 Fae
237 1070 312 1140 qood
325 1071 354 1124 in
367 1077 395 1124 te
410 1078 465 1138 est,
485 1078 513 1125 et
526 1073 603 1126 Deus
617 1071 708 1124 aderit
720 1071 810 1123 bonae
823 1069 968 1122 voluntati

167 1161 240 1208 tuae.
275 1154 339 1208 Non
349 1155 568 1212 confidasiniua
576 1156 693 1208 seientia
702 1154 747 1207 vel
757 1154 860 1206 astutia
869 1155 965 1221 cujus·

166 1253 272 1306 cunque
280 1239 407 1302 viventis,
416 1238 467 1290 sed
476 1240 565 1305 magis
574 1239 602 1288 in
611 1238 666 1290 Dei
675 1239 775 1304 gratia,
786 1238 833 1307 qui
841 1236 963 1292 humiles

167 1319 280 1388 adjuvat
289 1319 361 1372 etde
370 1336 401 1372 se
410 1326 616 1388 praesumentes
626 1319 759 1394 humil'ut.

216 1422 242 1489 2.
260 1419 302 1472 No
312 1419 442 1489 glorieris
451 1422 480 1472 in
489 1420 601 1486 divitiis,
608 1423 632 1474 si
643 1421 749 1486 adsunt,
756 1423 845 1476 neoin
854 1422 970 1486 amicis‚·

130 1519 133 1528 ·
168 1504 370 1572 quiapotentes
379 1511 450 1578 sunt,
460 1504 630 1571 sedinDeo,
641 1507 688 1575 qui
698 1507 921 1574 omniapraestai
930 1514 962 1558 et

166 1603 198 1640 se
206 1587 297 1655 ipsum
305 1603 389 1656 super
398 1590 490 1640 omnia
500 1588 566 1641 dare
576 1589 724 1642 desiderat.
757 1589 821 1642 Non
835 1589 961 1640 reextol·

166 1671 209 1724 las
219 1670 254 1723 de
268 1671 455 1740 magnitudine
469 1671 514 1724 vel
523 1671 724 1740 pulchritudine
739 1673 876 1740 corporis,
887 1687 959 1741 quae

166 1750 277 1826 modica
285 1756 445 1810 infirmitate
460 1759 643 1826 corrumpitur
652 1765 681 1810 et
690 1746 863 1810 defoedatur.
895 1756 959 1809 Non

167 1839 279 1906 placeas
297 1840 420 1908 tibiipsi
438 1841 473 1894 de
491 1840 636 1894 habilitate
655 1846 703 1894 aui
718 1840 830 1908 ingem'o
848 1844 904 1902 tuo,
921 1855 958 1894 ne

169 1923 316 1992 displiceas
325 1925 402 1987 Deo,
418 1925 494 1992 cujus
505 1931 548 1978 et
556 1931 658 1991 totum,
669 1923 801 1994 quidquid
808 1923 875 1975 boni
881 1928 958 1976 natu-
1011 1935 1012 2024 p

99 2043 101 2051 ,
168 2009 265 2063 taliter
274 2008 413 2062 habueris.
508 2067 509 2070 ,

219 2109 243 2160 3.
262 2110 325 2163 Non
334 2117 362 2163 te
370 2117 483 2178 reputes
494 2112 557 2164 aliis
566 2099 723 2173 molliorem,
737 2124 772 2162 ne
785 2108 858 2161 forte
868 2121 956 2159 eoram

169 2191 232 2244 Deo
242 2193 365 2246 deterior
378 2193 521 2257 habearis,
537 2195 584 2262 qui
597 2195 663 2256 soii,
678 2193 744 2261 qaid
754 2190 954 2246 estin‘homine.

170 2275 234 2328 Non
251 2278 394 2343 superbias
409 2277 444 2332 da
463 2279 593 2347 operibus
611 2278 705 2342 bonis,
718 2279 790 2345 'quia
805 2275 883 2328 alitor
895 2281 955 2326 suni

168 2358 954 2429 judioioDei,qoamhominum‚ouisaepedispliceaquod

170 2435 325 2498 hominibus
339 2445 445 2512 placet,
475 2447 506 2503 si
520 2445 626 2514 aliquid
638 2446 706 2498 boni
718 2443 952 2506 habuerissorede

171 2529 205 2579 de
224 2528 287 2579 aliis
303 2530 435 2592 meliora,
458 2537 490 2582 ui
507 2529 689 2583 humilitatem
707 2543 861 2580 conserves.
895 2526 953 2578 Non

171 2616 265 2672 nocet,
289 2613 314 2663 si
333 2613 460 2665 omnibus
478 2621 507 2666 te
526 2613 677 2682 supponas:
701 2619 784 2665 nocet
797 2618 884 2680 putem
900 2611 953 2678 plu-

170 2697 282 2760 rimum,
305 2698 331 2749 si
352 2697 398 2750 vel
415 2699 462 2748 uni
480 2705 697 2766 tapraopooas.
736 2699 814 2766 sugis
831 2708 882 2765 pax
897 2710 951 2747 oum
