2076 3066
232 159 391 208 CHRISTI
423 161 525 207 Lim.
545 162 618 209 Cdi‘.
635 162 675 208 2⁰.
812 161 845 214 33

43 245 116 328 tund
133 275 270 340 securitas
289 273 372 340 plena
389 274 496 326 timoris
514 275 570 326 Dei
587 277 698 328 exstitit
732 277 792 330 Nec
810 293 843 332 co

43 358 146 408 minus
161 356 274 412 solliciti
288 355 439 408 ethumiles
449 357 477 407 in
487 356 649 422 sciuerunt,
665 361 729 426 quia
737 362 843 430 magnis
891 414 896 420 ,
934 373 941 442 ’Ἰ

44 439 202 492 visentibus
218 445 246 492 et
263 440 355 507 gratia
373 442 548 494 emicuerunt.
583 442 734 494 Paetorum
752 450 841 497 sutem
927 513 932 520 ι

46 523 192 576 securitas
203 523 376 589 exsuperbia
389 529 418 576 at
434 526 638 590 praesumtione
654 527 754 590 oritur,
774 529 842 580 etin

45 607 106 660 line
116 607 148 658 in
158 605 347 673 deceptionem
361 607 405 658 sui
417 608 539 662 vertitur.
575 608 718 678 Nunquam
732 611 843 677 promit·

11 751 12 754 Ἴ
47 697 95 741 tas
108 690 162 742 tini
172 689 347 750 securitatem
355 691 384 740 in
393 688 446 742 hac
454 692 741 759 vita,quamvishonus
753 693 842 746 videa·

11 759 12 768 ¹
47 775 90 824 ris
102 772 254 825 coenobita
263 778 311 824 ant
320 772 435 826 devotus
445 776 567 838 eremita

105 872 132 923 d.
152 871 243 938 Saepe
252 871 620 926 melioresinaestimatione
633 875 771 928 hominum
781 893 842 946 gra·

51 957 115 1008 vius
125 954 277 1021 periclitati
290 960 353 1005 sunt
365 961 478 1022 propter
491 972 568 1008 suam
582 959 693 1009 nimiam
706 961 842 1014 confidan-

51 1041 133 1090 ticm·
168 1037 246 1089 Unde
255 1037 347 1088 multis
361 1038 455 1089 utilius
465 1045 519 1101 est,
533 1047 627 1090 utnon
641 1043 844 1106 penitustenta-

53 1122 179 1172 tionibus
199 1125 324 1182 careant,
342 1120 393 1171 sed
411 1121 737 1188 saepiusirnpugnennu,
756 1139 791 1176 ne
805 1128 843 1178 ni·

54 1204 142 1255 mium
157 1204 248 1255 securi
261 1203 328 1265 sint,
346 1218 381 1254 ne
394 1203 468 1256 forte
482 1206 511 1254 in
524 1205 680 1270 superbiam
694 1203 843 1272 eleventur,

11 1344 25 1350 Ἴ,
55 1287 187 1340 ucetiam
197 1286 233 1338 ad
248 1288 398 1340 exteriores
413 1289 616 1341 consolationes
625 1289 751 1344 licentius
759 1291 843 1346 decli·

11 1431 12 1434 Ἴ
55 1376 131 1424 nent.
168 1370 397 1438 Oquinunquam
410 1373 597 1425 transitoriam
611 1373 745 1426 laetitiam
760 1391 842 1443 quae-

54 1460 144 1518 reret,
160 1455 352 1523 quinnnquam
366 1455 536 1508 cummundo
546 1471 577 1509 se
587 1465 747 1525 occuparet,
762 1475 843 1529 quam
920 1449 928 1464 ’

56 1541 159 1592 bonam
173 1540 368 1591 conscientiam
383 1538 521 1592 senoreti
536 1541 616 1607 Oqui
631 1557 738 1596 omnem
747 1558 844 1596 vanam

58 1622 272 1676 sollicitudinem
287 1629 453 1690 amputaret,
470 1629 498 1676 ct
512 1624 653 1676 dumtaxat
666 1627 799 1680 salutaria
813 1643 846 1680 ac
906 1655 909 1668 ι
929 1665 933 1684 .

13 1715 14 1720 ’
60 1707 153 1760 dimna
167 1707 315 1774 cogitaret,
335 1693 463 1768 ettotam
477 1722 553 1773 spem
568 1724 644 1760 suam
658 1711 686 1760 in
700 1710 761 1762 Deo
782 1726 845 1764 con·

12 1783 16 1838 ἵ
60 1791 199 1854 adtineret,
223 1804 303 1858 quam
328 1805 455 1858 magnam
477 1805 573 1856 paoem
592 1798 621 1844 et
643 1793 762 1859 quietem
783 1808 846 1860 pos·

61 1872 175 1928 sidunt!

110 1958 134 2008 5.
152 1957 239 2010 Nemo
259 1957 357 2024 dignus
376 1961 418 2006 cst
436 1957 551 2008 coelesti
573 1959 776 2023 consolatione,
793 1959 846 2012 nisi

64 2041 207 2108 diligenter
215 2057 246 2093 se
257 2038 410 2093 exercuerit
417 2040 446 2088 in
455 2045 554 2090 sancta
565 2042 780 2108 compunctione·
815 2042 843 2095 Si

30 2119 33 2132 '
63 2125 104 2174 vis
117 2123 199 2175 corde
213 2129 293 2175 tenus
307 2122 466 2190 compungi,
480 2124 553 2172 intra
567 2123 656 2175 cubile
669 2129 744 2174 tuum
760 2131 787 2177 et
800 2141 846 2179 ex·

65 2205 141 2258 clude
159 2205 288 2256 tumultus
306 2205 412 2270 mundi,
431 2206 503 2258 sicut
519 2206 648 2274 scriptum
666 2212 720 2258 est:
743 2207 778 2260 ln
796 2225 845 2262 cu·

65 2288 190 2342 bilibus
213 2289 338 2340 vestris
362 2291 636 2357 compungimini.
669 2291 700 2342 ln
718 2293 788 2345 cella
805 2295 845 2345 in·

65 2372 169 2434 venies,
185 2371 259 2440 quod
272 2371 376 2426 deforis
391 2375 500 2442 saepius
516 2375 632 2427 emines.
668 2375 745 2428 Cella
759 2378 843 2432 conti-

67 2461 147 2522 nuata
155 2454 298 2521 dulcescit,
314 2458 422 2510 etmalo
436 2455 573 2510 custodita
586 2459 706 2512 taedium
719 2467 843 2530 generat.

69 2540 98 2594 Si
105 2539 132 2589 in
140 2539 270 2608 principio
281 2543 467 2596 conversionis
476 2547 540 2592 tuoe
549 2542 619 2594 bene
630 2560 689 2602 eam
698 2545 844 2598 incoluerit

116 2709 134 2747 5.
146 2702 228 2746 Pulm-
236 2710 256 2754 4,
265 2711 285 2750 d.

623 2783 644 2832 G
