2080 3058
167 184 216 234 172
316 205 321 220 =
404 186 455 234 ΒΕ
477 185 720 235 ΙΜΙΤΑΤΙΟΝΕ

168 301 222 352 erit
236 301 328 352 amma
342 303 416 354 servi
430 302 476 354 tui'
485 301 569 369 plena
581 302 772 354 modulatione
788 306 819 354 et
826 301 940 354 devota
950 306 977 354 in

167 385 251 436 laude
265 391 323 436 tua.
359 384 415 438 Sed
430 388 496 438 site
512 386 696 450 subtraxeris,
705 379 789 438 'sicut
803 386 977 453 saepissime
1024 445 1025 464 χ

167 469 313 532 solcs‚non
323 471 427 536 poterit
437 485 549 522 currere
558 472 632 521 viem
640 469 836 522 mandatorum
845 476 975 534 tuorum,

167 551 217 604 sed
226 553 315 606 maris
326 553 362 604 ad
370 553 539 605 tundendum
547 561 644 622 pectus
650 569 739 620 genus
751 555 812 621 ejus
821 555 975 606 incurvan·
1024 545 1025 562 ¹

166 627 223 688 fur:
243 639 309 704 quia
327 653 383 688 non
403 645 445 689 est
462 637 505 690 illi
523 639 596 690 sicut
610 637 676 704 ‚heri
694 643 723 690 et
740 637 974 701 nudiustertius,

168 714 277 787 quondo
292 720 458 788 splendebat
470 722 585 774 lucerna
598 727 648 772 tua
661 733 745 788 super
755 726 839 788 caput
849 722 930 790 ejus,
947 730 976 774 et

69 844 71 852 s
167 805 217 856 sub
232 805 330 856 umbra
345 804 451 856 alarum
464 811 574 857 tuarum
588 806 789 872 protegebatur
804 821 822 856 a
833 809 973 858 tentatio-

165 889 246 941 nibus
256 890 433 942 irruentibus.
465 935 468 943 .

217 984 242 1035 3.
261 984 429 1052 Paterjustc
440 991 468 1038 ct
477 998 587 1051 semper
595 983 835 1048 hudande,vcnit
843 982 974 1050 beraut
1023 953 1025 970 ῃ

167 1069 301 1135 probetur
315 1083 411 1120 servus
424 1075 497 1120 tuus.
533 1067 765 1132 recuruando,
784 1068 901 1135 dignum
918 1077 971 1132 est,

164 1159 196 1203 ut
205 1151 258 1204 hac
267 1150 337 1205 hora
346 1154 469 1220 patiatur
477 1167 528 1219 pro
539 1159 567 1203 te
577 1152 683 1219 aliquid
695 1167 792 1206 sersus
801 1159 877 1204 tuus.
916 1155 970 1205 Pa-

89 1239 91 1244 '
165 1241 209 1288 tor
217 1243 352 1304 perpetuo
362 1237 612 1300 venundaverit
620 1235 700 1300 hora,
710 1251 792 1303 qnam
802 1237 837 1287 ab
847 1243 968 1290 aeterno

164 1321 342 1387 praesciebas
358 1319 520 1384 affirmem,
534 1326 566 1372 ut
579 1320 616 1371 ad
629 1319 769 1372 modicum
778 1326 889 1388 tempus
905 1337 967 1374 sue·

166 1405 276 1456 conibet
285 1403 355 1456 ioris
365 1409 461 1458 servus
470 1409 549 1467 tuus,
563 1404 641 1455 vivat
648 1418 715 1457 vero
730 1419 842 1472 semper
850 1406 928 1473 apud
938 1414 967 1457 te

141 1467 251 1550 *utun
269 1486 618 1564 paululumrviiipenustur,
632 1485 793 1544 honneur
807 1494 837 1542 st
850 1489 967 1542 renuas

165 1569 439 1634 occumbentibus,
451 1571 629 1638 passionibus
638 1577 799 1626 conteratur
808 1573 965 1641 etlanguo·

163 1655 396 1718 ribus‚utiterunr
405 1655 965 1725 tecumiuauroranoraelncisresurgst

165 1745 194 1792 et
207 1741 235 1791 iu
251 1739 419 1792 coelestibus
434 1738 616 1792 clareiicetur.
652 1740 738 1794 Pater
751 1747 863 1804 sancte,
877 1747 910 1792 tu
923 1743 964 1794 sic

165 1807 301 1876 ordinasti
311 1829 339 1876 et
347 1825 389 1877 sic
399 1825 523 1877 voluisti=
543 1823 749 1878 ethociaotunr
759 1819 963 1893 estquodip'se

163 1909 340 1976 praecepisti.

213 1996 239 2046 i.
257 1995 338 2048 Haec
348 2000 391 2047 est
400 1995 473 2047 enim
483 1996 575 2062 gratia
586 1993 623 2046 ad
633 1994 752 2047 amicum·
759 1999 851 2058 tuum,
865 1996 925 2061 pati
935 2001 963 2047 et

162 2079 441 2130 tribulariinmundo
451 2095 502 2146 pro
513 2093 608 2131 amore
618 2084 682 2143 tuo,
699 2079 918 2146 quotiescunque
934 2087 962 2130 et

163 2176 181 2213 a
195 2178 359 2230 quocunque
377 2162 407 2213 id
424 2164 585 2230 permiseris
603 2164 673 2216 ficri.
709 2162 775 2215 Sine
793 2163 911 2216 consilio
933 2168 961 2216 et

144 2233 865 2313 ⁸providentiarusotsineesmssnihiiteintona
899 2247 959 2300 Bo·

1019 2135 1022 2224 i

162 2346 236 2380 num
258 2329 354 2393 mihi,
377 2330 535 2395 Domine,
565 2331 654 2398 quod
678 2328 872 2385 humiliasti
894 2347 957 2396 nte,
1020 2399 1021 2406 ἵ

162 2419 197 2464 ut
224 2413 354 2464 discam
378 2415 662 2480 justificationes
688 2422 782 2480 tuas,
811 2423 840 2470 ct
863 2403 956 2468 omnes

162 2496 298 2546 elationes
309 2495 401 2548 cordis
412 2503 495 2565 atque
504 2501 727 2578 praesumtiones
736 2501 876 2568 abjiciam.
899 2493 955 2554 Uti·

161 2580 188 2629 le
198 2577 274 2639 mihi,
285 2579 359 2645 quod
369 2581 496 2634 confusio
508 2584 654 2648 cooperuit
663 2581 764 2636 faciem
773 2597 877 2647 orcamp
889 2591 917 2634 ut
925 2591 953 2643 te

215 2750 235 2786 r.
252 2744 338 2786 rasin,
350 2749 389 2786 us
401 2746 472 2798 (no),
483 2749 520 2788 rr.

1018 2771 1020 2836 ε

1009 2899 1019 3025 i
