2072 3068
160 175 211 224 10⁰
263 167 265 172 '
393 175 459 220 ¹nu
476 171 717 220 lumbricum

163 289 347 343 Transcendit
361 294 457 346 sutem
465 277 652 350 haecomnia,
668 287 772 355 quiatu
781 287 841 353 ipse
851 285 958 338 bomini

68 403 70 418 ι
164 375 268 427 servire
287 373 415 441 dignatus
436 389 478 436 es,
504 378 532 425 et
549 373 685 439 teipsum
703 370 831 422 (laturum
849 373 876 423 ei
894 387 958 439 pro-

164 459 272 510 misisti.
629 471 631 476 ·

215 524 960 608 uuumcaroenumomnbnnnnnuucnsnonss
1027 595 1028 598 Ἴ

165 621 959 692 Utinampuseemtibiservirecunctisdiebusviteemeael
1027 677 1028 686 ἵ

99 761 100 766 ,
165 711 276 762 Utinam
285 708 330 760 vel
343 723 397 759 uno
409 708 454 759 die
464 709 576 775 dignum
590 710 731 760 servitium
744 694 875 759 exhibere
885 706 961 757 suffi-
1026 695 1028 764 i

168 789 271 845 cerem!
305 793 379 844 Vere
393 797 423 843 tu
438 808 468 844 es
479 792 576 860 dignus
593 793 670 844 omni⁴
681 793 809 853 servitio,
827 790 902 842 omrri
911 788 961 841 bc-

166 892 236 928 nore
252 874 374 948 etllaude
390 882 511 928 aeterna.
531 877 620 936 ‚Vere
634 876 769 928 Dominus
787 889 864 930 meus
885 889 915 925 es
933 881 964 925 et

170 975 222 1028 ego
233 975 338 1027 pauper
352 975 447 1012 servus
461 965 537 1024 tuus,
553 962 600 1028 qui
613 960 680 1012 totis
689 960 795 1011 viribus
802 964 900 1011 teneor
909 959 964 1009 tibi

168 1046 284 1121 servire,
295 1059 346 1097 nec
355 1059 475 1113 unquam
484 1046 512 1096 ln
521 1043 648 1097 laudibus
658 1045 712 1096 tuis
723 1044 812 1096 debeo
821 1041 961 1095 fastidire.
1010 1099 1017 1108 .

106 1130 113 1182 ,⁸
169 1129 303 1193 Simulo,
318 1129 510 1193 sicdesiderc‚
522 1125 869 1197 etquidquidmihideest‚
879 1132 911 1178 tu
921 1127 962 1179 di·

168 1217 261 1282 gneris
271 1214 407 1281 supplere.

219 1298 380 1368 euagrius
394 1296 496 1362 bonor,
515 1313 616 1366 magna
634 1298 726 1364 gloria
738 1296 789 1347 tibi
808 1295 913 1348 servire
935 1301 980 1346 et-

170 1383 422 1447 omnispropterte
432 1385 616 1434 contemnere.
651 1381 801 1432 Habebunt
816 1380 889 1432 enim
900 1395 964 1446 gra-

169 1466 237 1516 tiam
246 1478 382 1530 magnam,
393 1465 440 1531 qui
448 1469 546 1530 sponte
556 1477 587 1516 se
597 1464 838 1530 subjecerinttuae
848 1465 965 1514 sanctis-
1027 1481 1028 1486 ¹

170 1550 257 1600 simae
280 1547 414 1599 servituti.
458 1548 601 1599 lnveniunt
630 1549 822 1599 suavissimam
845 1547 979 1614 Spiritus,
1027 1557 1028 1564 ¹

170 1633 259 1683 sancti
269 1630 496 1705 consolationem,
506 1632 611 1698 quipse
623 1647 717 1684 amore
726 1638 775 1684 tuc
786 1645 895 1683 omnem
905 1642 967 1682 car·
1026 1657 1028 1686 l

169 1717 261 1768 nalem
271 1716 423 1782 abjecerint
432 1708 652 1768 delectatienem.
689 1718 898 1784 consequentur
907 1730 967 1782 ma·
1027 1707 1028 1732 ³

171 1817 254 1869 gnam
267 1801 367 1853 mentis
377 1799 546 1862 libertatem,
562 1801 609 1867 qui
618 1804 723 1851 arctam
731 1815 782 1866 pro
793 1801 965 1852 concinetuo

142 1935 146 1950 ,
170 1885 364 1953 ingrediuntur
374 1885 445 1937 viam
461 1889 489 1936 et
498 1899 608 1936 omnem
617 1871 782 1936 mundanam
791 1885 968 1950 neglexerint

173 1985 275 2021 curam.

221 2056 247 2107 6.
266 2057 380 2122 ognstn
389 2061 418 2105 et
424 2053 546 2120 jucunda
554 2055 609 2107 Dei
618 2055 749 2115 servitus,
761 2067 816 2120 qua
824 2051 907 2104 home
918 2067 967 2102 ve·

169 2142 274 2191 reciter
288 2139 405 2191 efficitur
414 2139 485 2190 liber
499 2147 527 2190 et
541 2137 664 2190 sancmsl
700 2139 814 2189 Osacer
823 2141 912 2188 status
921 2151 967 2188 re·

170 2223 264 2289 ligioni
275 2221 433 2285 famulatus,
440 2224 487 2290 qui
495 2220 633 2274 bominem
638 2221 751 2290 Angelis
759 2220 966 2288 redditaequa-

170 2307 239 2368 lem,
249 2307 311 2358 Deo
322 2306 499 2372 placabilem,
512 2305 692 2362 daemonibus
701 2305 854 2358 terribilem
862 2311 892 2356 et
901 2321 967 2356 cun-

171 2389 223 2441 ctis
236 2388 363 2442 fidelibus
378 2389 635 2442 commendabilem!
664 2392 686 2442 0
702 2388 923 2456 amplectendum
938 2394 969 2439 et

169 2487 280 2539 semper
290 2473 439 2540 optandum
447 2475 601 2536 servitium,
615 2488 669 2540 quo
680 2489 814 2526 summum
823 2486 966 2539 promerc-
980 2509 981 2516 η

161 2553 964 2634 turbarum,etgauldiumacquiriturslnelinemansurum!
1027 2555 1028 2568 ²
