2072 3068
177 189 226 238 122
411 190 462 240 DE
484 190 725 238 lllil'l'ATIONll

178 301 262 359 (lebet
275 322 326 360 ooo
339 305 515 375 indignanter
529 305 603 360 ferro
622 321 711 374 neque
725 305 821 358 ditiori
834 307 974 371 invidere,

179 389 228 442 aed
242 395 270 442 te
284 391 377 457 potino
392 390 536 442 attendero
557 395 585 441 et
597 395 673 441 tuam
685 389 838 443 bonitatem
850 393 975 443 maxime

178 473 308 539 laudaro,
324 474 398 541 quod
407 479 463 524 tam
474 471 631 538 affluenter,
646 478 702 526 tam
712 476 799 540 gratie
814 481 843 526 et
851 475 977 528 libenter

178 559 239 610 aine
257 573 437 626 personarum
461 558 622 624 acceptione
644 562 693 608 tna
715 571 830 610 munera
850 557 977 626 largiris.

181 642 280 694 Omnia
294 648 379 704 exte;
398 641 499 693 etideo
510 643 539 692 in
549 642 674 693 omnihus
688 655 717 692 ea
729 641 894 695 laudandus.
933 645 979 698 Tn

181 727 249 788 seio,
261 726 482 793 quiduniouique
492 724 591 776 donari
601 724 743 790 expediat3
763 730 792 776 et
801 741 850 777 cur
860 727 917 778 inte
927 729 976 778 mi·

180 826 232 860 nuo
248 815 277 861 ot
289 810 338 861 ille
352 810 469 876 amplius
483 807 598 872 habeat,
613 823 667 858 non
680 815 818 871 nonnum,
832 809 884 861 sed
898 816 976 861 tuum

182 898 226 944 eat
239 891 292 944 hoc
306 893 477 958 discernere,
492 893 565 960 apud
579 907 661 961 quem
674 893 846 960 singulorum
860 893 976 946 delinito

182 983 245 1028 sunt
253 978 362 1030 merita.
643 1033 646 1040 ,

233 1061 258 1112 l.
277 1061 369 1125 Unde,
379 1061 600 1122 Domitianam,
610 1073 770 1126 promagno
783 1052 975 1128 otiamreputo

182 1147 328 1209 beneficio,
339 1161 393 1198 non
402 1145 490 1200 multa
499 1143 616 1208 habere,
626 1143 699 1199 unde
710 1145 832 1196 exterius
841 1150 871 1196 et
879 1161 975 1197 oecon·

182 1229 247 1282 dum
256 1229 380 1282 homines
389 1230 451 1281 lana
461 1235 490 1282 et
499 1228 591 1296 gloria
604 1233 731 1294 appareti
750 1230 791 1279 ita
804 1233 835 1278 ut
848 1229 973 1280 conoide·

181 1321 244 1364 rata
258 1315 319 1381 quis
333 1320 496 1380 paupertate
515 1320 544 1364 ot
556 1312 663 1364 vilitate
676 1325 813 1378 peronnae
832 1326 902 1364 onae
921 1329 973 1365 non

182 1397 265 1448 modo
276 1398 440 1464 gravitatem
454 1401 502 1448 ant
511 1397 652 1447 tristitiam
661 1396 707 1448 vel
716 1396 901 1463 dejectionem
911 1397 972 1449 inde

183 1481 334 1546 concipiat,
353 1479 403 1533 ned
416 1481 509 1546 potius
524 1480 742 1533 consolationem
762 1489 790 1533 et
806 1477 973 1534 hilaritatem

183 1577 323 1630 magnam,
338 1563 403 1632 quia
412 1569 454 1626 tu,
468 1564 560 1628 Dooo',
574 1578 711 1632 pauperes
725 1571 754 1616 et
762 1563 881 1616 humiles
891 1572 972 1634 atque

183 1647 247 1699 huie
260 1646 362 1700 mundo
378 1647 524 1716 despectos
539 1651 590 1702 tibi
608 1649 718 1718 elegisti
733 1650 761 1699 in
776 1647 928 1703 familianes
947 1655 974 1701 et

181 1731 359 1784 domeotiooo.
404 1734 503 1786 Teates
522 1742 586 1788 tunt
602 1735 656 1802 ipsi
674 1733 800 1800 Apostoli
821 1735 876 1797 toi,
905 1748 972 1802 quoa

182 1817 357 1882 principos
380 1833 482 1884 nuper
504 1833 631 1872 omnem
649 1823 775 1870 terram
794 1818 972 1870 eonstitui-

182 1901 236 1952 sti.
269 1900 492 1954 Fuemnttomon
502 1904 562 1956 nine
573 1902 687 1971 querela
696 1902 971 1954 conversatinnmnn·

182 1985 218 2036 do
236 1992 294 2037 tam
313 1984 430 2037 humiles
449 1991 478 2037 et
490 1977 642 2053 ainipliceo,
655 1984 721 2038 'aine
736 1986 808 2036 omni
824 1983 933 2037 malitia
946 1990 972 2037 et

181 2068 261 2133 dolo,
284 2074 317 2120 ut
339 2070 423 2120 etiam
441 2071 514 2136 pati
537 2069 763 2122 contumeliae
781 2069 970 2136 gauderent

181 2168 241 2218 pro
260 2154 394 2205 nomine
413 2159 486 2216 tuo,
506 2159 534 2205 et
548 2151 744 2221 quaemunduo
760 2152 905 2218 abhorret,
919 2154 969 2220 ipsi

146 2237 150 2246 '
182 2237 414 2304 ampleoterentur
423 2234 525 2288 allecto
534 2251 644 2304 magno.

230 2331 255 2381 5.
273 2329 349 2382 Nihil
360 2323 426 2398 ergo
438 2335 670 2382 amatoromtnum
679 2331 967 2404 otoognito'rembene·
1015 2355 1018 2368 ι

181 2415 306 2466 liciorum
314 2420 425 2465 tuorum
434 2416 474 2466 ita
483 2414 635 2466 laetificate
650 2415 745 2478 (lebet,
760 2417 832 2467 oiout
845 2414 967 2465 voluntat

181 2505 229 2549 tuo
238 2498 265 2548 in
276 2511 311 2549 oo
322 2499 556 2565 etbeneplaeitum
562 2503 692 2552 aeternae
698 2500 888 2566 dispositionis
893 2503 966 2549 tuae:

181 2583 216 2634 de
231 2595 286 2648 qua
298 2588 404 2634 tantum
419 2584 572 2635 contentari
587 2583 670 2635 debet
684 2591 713 2636 et
726 2583 879 2645 consolari,
893 2583 967 2634 utile

234 2753 255 2792 l.
272 2748 357 2792 Palm.
368 2753 397 2792 44
407 2751 465 2804 (to),
477 2754 511 2794 tl.
541 2752 591 2799 Aet·
603 2755 623 2801 5.
631 2757 667 2798 41.
