2066 3064
224 233 382 282 cualsrl
414 235 480 282 hro.
497 237 529 284 lt
548 238 620 284 car.
639 238 680 283 1⁰.
813 236 848 287 ⁷1

36 348 141 420 quod
160 348 225 401 Dei
244 355 308 414 est,
333 355 362 401 at
379 351 431 402 tibi
449 351 589 415 adscribe,
609 351 684 419 quod
701 357 778 404 tuum
796 360 847 416 ost,

38 433 103 487 hoc
114 435 238 498 estlleo
248 430 354 502 gratias
363 449 414 502 pro
425 437 517 502 gratia
526 437 625 498 tribue,
631 435 683 486 tibi
692 442 784 487 autem
794 438 849 489 soli

40 519 176 586 eulpam,
190 525 218 570 et
227 519 339 586 dignam
348 534 467 585 poenam
476 535 527 586 pro
538 519 620 586 culpa
630 518 726 571 deberi
735 522 848 572 sentias.

98 603 126 652 l.
146 601 239 654 Pone
257 608 290 664 te
308 618 439 671 sempor
456 603 497 654 ad
515 602 682 667 infimum,
702 603 851 658 etdabitur

41 679 101 739 tibi
120 701 272 750 summum;
290 703 354 738 nam
372 704 506 739 summum
524 703 579 740 non
598 695 654 740 stat
672 689 732 744 sina
745 689 849 740 intimo.

45 771 160 826 Summi
171 771 265 823 Sancti
280 771 353 838 apud
367 772 456 823 Deum
471 773 577 824 minimi
592 780 656 825 sunt
669 773 743 842 apud
758 789 802 836 se,
823 778 852 824 et

11 847 16 856 ’
47 863 158 926 quanto
179 855 377 924 gloriosiores,
396 861 474 906 tanto
489 857 518 906 in
531 872 563 908 se
576 854 752 922 humiliorem
776 858 852 925 pleni

47 941 173 993 veritato
184 945 212 990 et
221 939 313 1006 gloria
323 938 438 990 coelesti
449 953 503 990 non
513 946 577 990 sunt
586 955 673 992 vanas
683 942 792 1008 gloriae
806 957 853 992 cu·

48 1023 127 1092 pidi3
135 1025 166 1074 in
172 1022 234 1074 Deo
241 1021 349 1073 fundati
359 1028 388 1073 at
398 1024 552 1073 confirmati
561 1023 636 1073 nullo
646 1023 730 1073 modo
737 1029 853 1092 possunt

52 1121 118 1158 osso
134 1107 210 1157 alati.
246 1105 282 1156 Et
296 1107 343 1177 qui
356 1112 445 1159 totam
454 1105 516 1156 Deo
533 1104 705 1168 adscribunt,
721 1105 854 1177 quidquid

50 1189 123 1242 boni
151 1197 331 1258 acceperunt,
363 1189 510 1258 gloriam
543 1190 582 1240 ab
615 1189 761 1239 invicem
789 1201 853 1238 non

54 1281 240 1344 quaerunt,
269 1275 327 1326 sed
350 1275 509 1348 gloriam,
539 1289 623 1348 quae
647 1287 665 1324 a
686 1272 853 1324 soloDeo

56 1364 123 1423 ost,
141 1359 251 1423 volunt,
271 1366 299 1411 ot
312 1359 403 1411 Deum
421 1361 449 1410 in
468 1373 499 1410 se
517 1367 545 1410 ot
557 1359 586 1410 in
602 1357 728 1408 omnibus
743 1356 854 1410 Sanctis

54 1445 167 1496 laudari
185 1445 374 1513 superomnia
388 1444 542 1511 suplantet
556 1457 666 1511 sompes
680 1441 854 1508 inidipsum

55 1530 181 1583 tondunt.
671 1535 680 1542 “
887 1573 893 1584 ,

106 1615 131 1665 5.
150 1613 217 1666 Esto
232 1615 318 1684 igitur
332 1621 428 1686 gratus
441 1629 492 1681 pro
507 1610 634 1676 minimo,
651 1611 743 1663 eteris
753 1609 853 1678 dignus

56 1699 166 1766 majora
180 1701 315 1770 accipere.
351 1697 394 1752 Sit
406 1699 459 1750 tibi
471 1699 613 1748 minimum
629 1698 778 1762 atiom‘pro
796 1708 854 1744 ma·

52 1773 147 1844 rimo,
163 1787 192 1832 ot
203 1784 292 1852 magis
307 1782 495 1838 contemtibile
510 1796 561 1849 pro
576 1775 787 1849 speciali'doao.
824 1776 856 1830 Sl

60 1866 179 1934 dignitas
190 1868 296 1922 datoris
304 1867 459 1936 inspicitur,
465 1864 569 1916 nullum
579 1865 672 1915 datum
682 1876 796 1929 parvum
807 1865 858 1910 aut

61 1951 140 2002 nimis
149 1952 203 2003 sila
212 1951 360 2012 videbitur,
394 1949 457 2000 Non
473 1949 734 2014 onimparvumest,
754 1942 855 2010 quoda

63 2051 165 2088 summo
183 2035 245 2088 Deo
269 2034 397 2086 donatur.
432 2031 550 2082 Etiamsi
567 2043 673 2096 poenas
693 2027 721 2080 at
738 2027 856 2078 verbera

64 2119 181 2181 dederit,
196 2126 305 2188 gratum
321 2132 382 2169 osso
398 2115 493 2179 debet,
509 2115 574 2182 quia
584 2125 753 2180 somperpro
764 2110 853 2162 salute
884 2169 889 2192 Ι

11 2193 13 2196 ’
63 2209 155 2253 nostra
164 2199 240 2263 iacit,
252 2199 384 2272 quidquid
394 2200 474 2251 nobis
485 2199 615 2250 advenire
625 2195 767 2263 permittlt.
799 2193 854 2256 Qui

30 2333 33 2336 .
66 2287 178 2354 gratiam
187 2285 371 2336 Doirotinere
382 2283 536 2346 desiderat,
549 2283 586 2334 sit
595 2288 690 2350 gratus
700 2293 750 2348 pro
762 2279 854 2346 gratia
923 2291 926 2298 ·

67 2369 136 2430 data,
145 2369 252 2434 patiens
260 2349 312 2435 oro
323 2368 440 2419 sublata.
469 2353 696 2427 Oretutrodeatt
711 2371 807 2416 cautus
817 2363 854 2414 sit

69 2450 404 2532 athomilismeamittat„
535 2439 537 2444 ⁸

119 2623 138 2663 ³·
152 2617 232 2663 uasti.
242 2624 282 2672 22,
292 2625 327 2666 21·
342 2645 371 2655 -
398 2625 419 2664 l·
436 2621 490 2663 Lus.
503 2623 587 2670 imo.
616 2620 699 2662 Jonas·
710 2622 730 2666 ³,
738 2619 775 2658 14.

360 2787 556 2818 u*-
