2076 3066
182 223 216 274 ro
253 193 255 210 '
427 221 476 268 ou
495 221 733 268 ιιιιιιιιιοιιιι

182 339 316 399 tationes,
332 343 360 388 et
374 335 411 387 ad
425 351 534 389 mucosa
547 337 712 404 portandam
726 337 829 404 magis,
845 352 932 405 qnam
950 339 988 392 ad

182 423 325 476 laetitiam.
362 421 430 484 Quis
441 420 513 473 enim
524 420 707 472 saecularium
717 436 772 472 non
782 421 904 474 libenter
918 439 987 475 con·

183 507 350 559 solationem
360 511 388 558 et
396 505 532 557 laetitiam
542 504 713 570 spiritualem
724 505 871 571 acciperet,
879 507 986 558 sisem-

182 605 234 660 per
244 591 369 643 obtinere
379 587 491 657 possett
509 587 653 640 Excedunt
664 589 736 639 euim
743 588 907 655 spirituales
918 605 986 642 oon-

183 675 336 728 solationes
347 688 442 726 omnes
452 672 545 723 mundi
551 671 668 724 delicias
679 679 707 723 et
716 671 806 723 camis
812 673 985 740 voluptates.

182 760 254 813 Nam
269 773 364 811 omnes
379 757 496 810 deliciae
511 757 666 809 mundanae
681 747 824 807 autrana'e
840 763 919 822 sunt,
936 767 986 810 aut

182 851 287 910 turpes.
323 842 488 909 Spirituales
502 856 568 894 vero
585 829 790 893 deliciae'solae
797 840 941 908 jucundae
957 849 986 894 et

183 925 332 990 honestae,
353 940 388 978 ex
401 927 547 980 virtutibus
564 925 728 993 progenitae
748 930 776 976 at
794 925 887 976 aDco
904 927 984 992 puris

78 996 80 1005 ⁵
183 1011 320 1064 mentibus
329 1010 448 1064 infnsae
485 1010 541 1064 Sed
555 1010 616 1060 istis
633 1009 731 1060 dionis
741 1007 983 1062 consolationibus

183 1110 264 1148 nemo
275 1110 385 1164 semper
393 1109 443 1163 pro
454 1110 505 1147 suo
516 1091 619 1146 allecta
627 1092 684 1144 itui
693 1093 780 1156 valet,
797 1094 863 1161 quia
871 1098 982 1162 tempus

183 1181 345 1232 tentationis
355 1195 410 1232 nou
421 1180 468 1231 diu
478 1183 578 1231 cessat.

233 1267 258 1314 2.
276 1264 395 1317 Multum
413 1270 506 1314 autem
524 1262 710 1314 contrariatur
731 1275 867 1328 supernae
885 1263 982 1314 visita-

182 1349 253 1398 tioni
269 1345 342 1398 tana
356 1347 471 1398 libertas
486 1345 571 1396 anlnni
590 1350 618 1396 et
630 1359 732 1412 magna
745 1345 913 1414 confidentia
927 1348 979 1397 sui.

183 1427 261 1482 Deus
274 1431 346 1482 bene
361 1429 431 1482 lacit
448 1428 648 1481 consolationis
666 1430 784 1496 gratiam
803 1428 910 1492 dando,
929 1427 980 1482 sed

182 1512 266 1565 homo
277 1512 350 1565 male
360 1515 419 1580 agit
428 1527 483 1575 non
491 1512 648 1565 totucho
659 1528 720 1565 cum
729 1513 882 1580 gratianos
892 1515 979 1567 actio·

182 1611 218 1651 ne
232 1596 423 1650 retribuendo.
455 1598 492 1649 ut
504 1597 571 1649 ideo
584 1609 639 1649 non
649 1603 766 1665 possunt
777 1598 806 1648 in
815 1598 895 1649 nobis
905 1597 979 1650 dona

184 1682 292 1748 gratim
303 1679 399 1745 fluere,
410 1683 475 1750 quia
483 1682 587 1750 ingrati
595 1697 688 1734 sumus
699 1681 819 1744 auctori,
829 1697 881 1734 neo
889 1687 978 1735 totum

181 1763 353 1818 refundimus
372 1764 473 1818 fontali
492 1767 601 1834 origini.
638 1765 753 1834 Semper
771 1766 844 1817 enim
862 1766 978 1819 debetur
1018 1785 1019 1792 ¹

183 1850 275 1917 gratia
285 1849 367 1918 digne
378 1851 483 1918 gratias
491 1849 640 1914 referenti,
654 1856 683 1903 ct
692 1849 835 1902 auferetur
847 1850 882 1901 ab
893 1850 975 1914 elato,

184 1934 257 2002 quod
268 1929 328 1985 dari
338 1935 411 1986 solet
423 1933 528 1986 humili.

233 2018 257 2070 3.
276 2018 349 2071 Nolo
370 2018 603 2082 consolationem,
623 2015 780 2084 quaemihi
799 2017 890 2069 aulert
904 2033 975 2071 com·

182 2104 366 2168 punctionem,
373 2117 424 2154 nec
434 2101 535 2156 affecto
547 2101 816 2168 contemplationem,
823 2117 893 2169 quae
902 2103 976 2156 ducit

181 2185 211 2234 in
225 2184 383 2238 elationem.
418 2185 481 2240 Non
496 2187 569 2239 enim
583 2201 664 2237 omne
675 2186 759 2238 altum
773 2191 910 2251 sanctum,
925 2203 974 2240 nec

183 2282 264 2319 omne
273 2267 354 2322 dulce
363 2271 475 2333 bonum,
483 2285 536 2322 nec
545 2283 625 2320 omne
636 2269 803 2322 desiderium
812 2261 974 2336 purumnec

183 2351 433 2405 omnecarnmlleo
445 2359 561 2420 gratum.
585 2353 718 2406 Libenter
727 2359 841 2421 accepto
848 2357 972 2422 gratiam,

181 2433 254 2487 unde
269 2450 379 2504 semper
392 2435 523 2488 humilior
536 2441 564 2488 et
573 2436 731 2489 timoratior
739 2439 878 2503 inveniar,
893 2447 972 2509 atque

182 2517 217 2568 ad
235 2517 445 2586 relinquendum
463 2537 507 2574 me
525 2521 650 2588 paratior
667 2521 740 2573 liam.
775 2523 882 2576 Doctus
900 2526 969 2577 dono
996 2585 997 2594 ἵ
1021 2559 1022 2564 1

181 2603 289 2669 gratiae
308 2607 338 2653 et
355 2604 479 2657 erudiam
498 2606 694 2658 subtractionis
712 2607 828 2660 verbam
847 2609 968 2660 nonsibi

181 2684 296 2736 audebit
313 2685 461 2754 quidquam
480 2689 546 2738 boni
566 2683 730 2755 ammittere,
758 2691 809 2743 sed
829 2692 919 2758 potius
940 2707 969 2744 se

168 2781 332 2842 *pauperem
364 2775 393 2821 et
425 2771 526 2822 nudum
560 2773 743 2826 confitebitur.
791 2775 845 2827 Da
876 2775 969 2840 Deo,
