2080 3058
184 215 232 266 194
398 215 466 261 on
489 214 729 278 1o11rnrronn

182 332 340 400 prodesset,
356 332 410 382 nisi
424 347 454 382 se
469 345 504 382 ex
513 329 566 382 hac
580 331 749 400 cogitatione
764 345 860 382 coram
873 347 920 384 mc
930 331 978 384 hn-

181 417 303 468 mlliaret
312 420 340 468 ct
348 417 377 467 in
386 415 520 481 majorem
528 415 647 468 nominis
658 415 713 466 mei
722 411 833 466 landem
844 429 978 484 exsurge·
1023 413 1025 420 ’

180 499 240 554 reti
274 500 363 552 Multo
374 499 513 564 acceptius
522 499 585 550 Deo
598 497 678 562 iacit,
695 499 741 566 qni
751 497 785 550 de
794 507 978 566 peccatorum

180 601 294 637 suornm
311 581 498 650 magnitudine
518 587 547 634 et
560 583 690 634 virtutum
706 583 822 634 snam
835 586 977 650 parvitate

182 671 287 737 cogitat
301 675 329 720 et
343 655 428 734 quain
438 665 521 732 longe
538 681 555 716 a
568 666 740 733 perfectione
754 665 924 718 Sanctorum
939 667 977 719 di·

181 759 249 816 stat,
264 753 393 819 quomis,
407 751 454 817 qni
464 749 498 800 do
509 765 604 801 eorum
613 751 772 816 majoritate
781 750 977 818 velparvitato

181 837 310 902 disputat.
345 833 447 886 Melius
466 839 521 904 est,
541 832 657 885 Sancto·
675 833 783 885 devotis
796 835 931 900 precibus
950 841 978 886 et

180 921 309 987 lacrymis
321 933 438 971 exorare
451 924 480 970 et
492 933 586 970 eorum
596 918 722 984 gloriosa
730 916 868 986 suffragia
878 912 977 970 hunrili

179 1009 271 1056 niente
280 1003 444 1070 implorare,
460 1017 541 1071 quam
552 1015 647 1053 eornm
657 1001 766 1054 secreta
774 1015 845 1052 vana
859 1003 976 1070 inquisi-
1023 995 1025 1028 ²

179 1091 256 1140 tione
266 1088 443 1154 perscrutari.

135 1205 137 1210 ¹
229 1187 254 1236 8.
272 1185 317 1236 llli
331 1185 401 1237 bene
417 1187 445 1233 et
461 1181 563 1248 optime
582 1183 788 1246 contentantur,
806 1177 833 1229 si
846 1177 976 1232 homines

180 1270 283 1320 scirent
306 1266 459 1322 contentari
483 1271 511 1316 et
528 1263 687 1330 vaniloquia
709 1277 760 1313 sua
783 1275 974 1330 compascere.

178 1353 241 1404 Non
256 1353 410 1419 gloriantur
423 1350 458 1400 do
472 1347 591 1415 propriis
607 1348 726 1408 meritis,
743 1347 843 1413 qnippe
859 1349 909 1414 qni
922 1349 975 1399 sibi

178 1433 248 1492 nihil
256 1434 389 1484 bonitatis
399 1432 570 1492 adscribunt,
585 1428 635 1480 sed
645 1433 733 1480 toturn
744 1427 974 1498 milri,'quonianr

178 1517 247 1586 ipsis
262 1521 360 1566 cuncta
374 1527 409 1566 ex
419 1513 525 1564 infinita
535 1513 650 1562 caritate
660 1527 723 1564 mea
732 1513 842 1564 donavi.
880 1516 973 1568 Tanto

180 1608 274 1649 amore
285 1596 434 1648 divinitatis
449 1602 478 1647 et
490 1595 593 1662 gaudio
604 1596 811 1662 supereffluenti
819 1597 973 1664 replentia,

178 1687 210 1735 ut
222 1680 292 1732 nihil
306 1681 347 1732 eis
361 1679 434 1732 desit
447 1680 554 1748 gloriae
568 1677 692 1748 nihilque
702 1682 792 1748 possit
800 1681 901 1734 deesse
911 1681 978 1734 feli-⁴

181 1766 281 1819 citatis.
317 1767 418 1818 Omnes
438 1765 546 1830 Sancti,
569 1771 670 1830 quanto
691 1765 805 1817 altiores
822 1766 852 1816 in
871 1765 971 1832 gloria,

179 1855 257 1902 tanto
273 1847 433 1902 humiliores
446 1850 476 1900 in
490 1863 520 1900 se
535 1848 602 1914 ipsis
615 1853 647 1899 'et
659 1847 727 1899 mihi
736 1849 885 1901 viciniores
896 1856 925 1902 et
933 1849 971 1900 ‹li-
1024 1839 1025 1842 ¹

179 1933 310 1985 laetiores
321 1935 463 1988 oxsntunt.
498 1932 621 1998 ideoque
638 1929 724 1983 habes
743 1933 889 1998 scriptum,
908 1934 971 2001 qnia

178 2018 362 2069 mittebant
394 2030 539 2069 coronas
571 2029 650 2070 suas
677 2020 755 2066 ants
781 2015 904 2080 Deum,
939 2023 971 2068 et
1024 2051 1025 2054 ι

85 2093 91 2100 ’
180 2101 383 2153 ceciderunt
403 2102 437 2151 in
455 2099 564 2150 iacies
584 2113 662 2150 suas
682 2113 794 2150 coram
813 2114 915 2166 agno,
931 2098 971 2152 'et

179 2185 412 2236 adoraverunt
445 2185 615 2234 virentem
649 2184 682 2232 in
718 2184 859 2236 saecula
894 2199 970 2236 sae·

179 2269 338 2320 culorum.

229 2351 254 2402 9.
271 2353 355 2402 Multi
368 2355 515 2419 quaerunt,
532 2351 592 2417 quis
606 2352 697 2418 major
710 2352 789 2402 sitin
801 2365 891 2419 regno
905 2353 966 2414 Dei,

179 2435 225 2500 qni
234 2435 376 2500 ignorant,
388 2451 423 2485 an
433 2451 493 2487 cnm
502 2435 621 2486 minimis
631 2439 711 2486 erunt
719 2435 796 2502 digni
805 2436 964 2502 computari.

176 2518 307 2582 Magnum
318 2523 373 2580 est,
387 2518 433 2570 vel
441 2519 580 2570 minimum
591 2534 652 2570 esse
661 2521 690 2570 in
700 2519 794 2583 conlo,
809 2519 857 2571 ubi
873 2534 963 2571 omos
992 2553 996 2562 ·

176 2601 269 2666 magni
278 2606 349 2662 sunt,
357 2603 422 2668 qnia
431 2617 526 2654 omnes
536 2603 586 2653 lilii
596 2604 650 2655 Dei
659 2603 830 2655 vocabuntur
839 2609 869 2655 et
877 2606 962 2665 erunt,

231 2765 251 2804 8.
267 2762 338 2816 Apoc·
349 2767 369 2813 ⁴,
380 2767 407 2807 1⁰
416 2769 439 2808 ot
449 2769 469 2815 ⁵,
480 2769 513 2809 14.
525 2729 529 2740 ·
