2056 3062
162 197 197 251 eo
406 195 457 244 nu
474 191 716 242 rmirnriouu
766 180 773 187 '

213 313 237 365 3.
257 312 287 366 Si
301 313 412 380 pietatis
427 325 526 364 caussa
543 316 592 362 aut
600 309 741 362 fraternae
755 309 887 362 utilitatis
903 327 965 378 pro

163 397 256 466 posito
276 396 439 464 quandoque
459 401 620 447 consuetum
640 394 775 445 omittitur
789 395 965 460 exercitium,

163 480 248 532 facile
266 486 364 546 postea
382 479 487 546 poterit
502 479 671 546 recuperari.
709 477 848 530 Stantem
866 481 964 532 taedio

164 565 248 615 animi
257 570 305 615 aut
319 565 489 632 negligentia
503 550 625 616 faciliter
633 562 811 630 relinquitur,
825 565 899 616 satis
911 566 964 617 cul-

162 649 254 717 pabile
265 655 307 700 eet
321 655 350 700 et
361 647 488 698 nocivum
502 648 644 699 sentietur.
681 647 820 699 conemur
829 655 964 714 quantum
988 702 989 715 χ

162 748 317 800 possumus,
329 730 528 784 adhucleviter
536 731 697 784 deiciemus
706 731 735 781 in
743 729 848 782 multis.
887 732 962 785 Sem·
988 738 991 773 ἰ

64 823 70 832 ·
161 832 213 884 per
221 822 314 868 tamen
329 805 434 884 aliquid
448 817 517 870 certi
530 815 739 884 proponendum
753 819 810 878 eet,
825 820 856 866 et
865 823 964 871 centn

85 895 88 905 ’
160 900 212 951 illa
221 902 382 968 praecipue,
398 915 469 969 quae
484 901 602 967 amplius
615 915 667 952 nos
681 899 843 967 impediunt.
879 901 962 953 Exte·

161 985 239 1037 ri'ora
247 991 343 1038 nostre
353 990 381 1038 et
393 986 528 1038 interiora
537 985 642 1052 pariter
650 985 731 1036 nobie
740 983 894 1035 scrutanda
903 991 964 1036 nunt

164 1075 192 1122 et
201 1069 362 1135 ordinanda,
377 1071 442 1140 quie
450 1075 568 1138 utraque
579 1069 730 1136 expediunt
737 1066 773 1118 ad
782 1066 952 1134 profectum.

213 1155 238 1206 l.
259 1155 352 1208 Sinon
363 1157 492 1208 continue
501 1162 530 1206 te
535 1153 612 1206 vales
623 1153 766 1220 colligere,
773 1151 874 1202 saltem
879 1153 964 1205 inter·

164 1238 241 1302 (lum,
260 1245 289 1290 et
303 1239 339 1290 ad
352 1241 442 1290 minue
456 1238 545 1291 semel
557 1238 587 1288 in
601 1236 660 1300 (lie,
679 1251 760 1288 mane
774 1233 909 1288 videlicet
919 1243 966 1294 aut

164 1309 289 1387 vespere.
323 1311 966 1389 Macepropone,veeperediecutemorestuoq'

167 1405 256 1473 qualis
275 1403 358 1456 hodie
376 1403 454 1466 iuieti
472 1405 501 1455 in
518 1407 614 1469 verbo,
634 1421 719 1472 opere
735 1409 763 1458 et
778 1403 966 1471 cogitatione:

167 1488 233 1556 quia
241 1488 269 1538 in
279 1486 321 1539 hie
332 1489 445 1554 saepius
453 1487 572 1541 forsitan
582 1488 725 1542 offendisti
732 1490 824 1542 Deum
834 1493 864 1540 et
872 1492 968 1556 proxi·

120 1569 124 1578 ’
165 1586 249 1624 mum.
284 1573 403 1640 Accinge
416 1579 458 1635 te,
474 1572 547 1624 sicut
560 1574 615 1638 vir,
636 1578 733 1626 conoe
746 1571 904 1626 diabolicae
917 1581 967 1626 'ne-

168 1655 282 1721 quitiam
291 1655 371 1708 irena
381 1657 487 1724 gulam,
500 1663 530 1708 et
538 1671 647 1710 omnem
657 1657 747 1709 cernis
755 1656 970 1710 inclinationem

166 1738 276 1791 facilius
286 1739 417 1793 frenabit.
452 1741 599 1809 Nunquam
613 1742 652 1793 oie
667 1756 702 1794 ex
710 1746 771 1792 toto
782 1743 906 1806 otiosus,
918 1742 970 1796 sed

167 1830 216 1875 aut
224 1824 330 1892 legens,
341 1831 389 1876 aut
398 1826 530 1889 scribens,
542 1830 692 1888 auterens,
703 1825 909 1890 autmeditens,
921 1833 972 1879 aut
1006 1812 1016 1894 'A

167 1909 272 1977 aliquid
281 1910 408 1962 utilitatis
417 1925 468 1977 pro
479 1911 617 1962 communi
625 1909 765 1962 laborans.
796 1909 973 1976 corporalia

166 1999 259 2063 tamen
275 1995 407 2048 exercitia
421 1994 541 2048 discrete
556 2001 620 2047 eunt
634 1993 756 2062 agenda,
778 2009 830 2046 nec
840 1996 971 2050 omnibus

169 2078 507 2145 aequaliteraenumenda.

218 2163 243 2212 5.
263 2164 341 2224 Quae
352 2165 508 2216 communia
517 2169 650 2226 ueniunt,
657 2178 712 2213 non
721 2166 786 2213 sunt
795 2159 865 2212 loris
876 2167 972 2214 osten-

170 2243 273 2306 ‹lenda3
301 2262 365 2298 nam
382 2249 412 2298 in
434 2253 544 2299 secreto
562 2249 648 2298 tutius
669 2251 831 2298 exercentur
848 2246 972 2312 privata.

171 2328 329 2380 Cavendum
346 2337 448 2394 temen,
467 2347 502 2382 ne
515 2331 649 2397 piger'sie
664 2331 700 2382 ad
714 2330 870 2382 communia
884 2336 914 2381 et
933 2331 971 2384 atl

170 2410 324 2476 singularia
337 2416 485 2478 promtior3
500 2414 550 2466 sed
565 2413 682 2478 expletis
696 2415 804 2480 integre
810 2418 838 2464 et
847 2411 974 2468 fideliter

81 2499 83 2512 '
172 2493 273 2544 debitis
284 2495 463 2561 etinjunotie‚
477 2497 568 2563 sijum
577 2484 651 2546 ultra
664 2498 759 2557 vacet,
773 2494 860 2548 redde
870 2501 899 2548 te
908 2499 973 2562 tibi,

171 2581 256 2641 prout
273 2576 383 2628 devotio
403 2575 452 2628 tua
470 2578 620 2630 desiderat.
656 2576 720 2628 Non
737 2584 855 2641 possunt
873 2594 974 2634 omnes

173 2655 276 2710 habere
286 2675 369 2710 unum
380 2661 554 2722 exercitium,
564 2660 615 2711 ned
625 2659 701 2710 aliud
709 2661 765 2721 isti,
776 2660 852 2710 aliud
861 2662 904 2713 illi
913 2680 975 2716 ma-

110 2731 117 2739 ’
174 2739 216 2807 gis
235 2740 364 2792 deservit.
400 2740 491 2790 Etiam
509 2755 560 2808 pro
579 2743 712 2810 temporie
731 2746 913 2809 congruentia
932 2749 975 2800 di.
