2056 3062
221 205 380 268 cunis‘r1
400 178 480 264 'uis
497 217 517 262 1.
536 217 611 265 cnr.
630 218 669 263 13.
776 247 781 259 r
808 217 842 266 21
939 245 942 252 ·

36 334 137 404 lignus
153 347 188 386 ex
201 338 276 395 toto,
296 331 360 382 dum
373 331 416 384 illi
429 346 485 382 non
498 299 637 382 resistitur
649 333 678 382 in
696 335 843 401 principio.
903 319 909 329 ”

39 420 81 478 Et
91 423 195 486 quanto
206 417 309 468 diutius
320 415 356 466 ad
363 415 548 468 resistendum
559 417 618 482 quis
628 419 773 481 torpuerit,
783 423 842 468 tan-

39 510 73 554 to
93 503 122 552 in
138 517 169 553 se
186 501 310 569 quotidie
324 498 443 554 debilior
466 501 497 552 fit
520 506 550 550 et
566 498 654 552 hostis
670 509 766 551 contra
781 517 849 560 euni

40 585 196 654 potentior.
295 603 299 606 ·
566 577 571 588 '

96 669 122 720 6.
142 668 262 731 Quidam
280 669 309 719 in
326 668 462 736 principio
484 669 672 720 conversionis
695 683 763 720 suae
782 684 845 736 gra·
933 692 936 699 ·

41 755 140 805 viores
155 754 323 805 tentationes
337 753 493 819 patiuntur,
510 752 620 819 quidam
636 760 728 804 autem
741 755 770 804 in
780 755 844 806 line.

44 837 168 900 Quidam
189 853 256 889 vero
281 838 360 904 quasi
382 851 433 904 per
455 840 545 886 totam
567 838 652 888 vitam
675 853 752 888 suam
771 841 845 890 male

43 921 159 973 habent.
193 921 328 972 Nonnulli
341 922 410 970 satis
421 920 523 972 leniter
540 927 681 973 tentantur
695 913 846 975 seumdum

44 1003 158 1058 divinae
169 1003 352 1056 ordinationis
365 1004 529 1070 sapientiam
543 1012 571 1055 et
585 1005 762 1071 aequitatem,
774 1023 846 1075 quae

45 1095 152 1142 statum
162 1095 190 1140 et
198 1088 298 1138 merita
306 1084 447 1136 hominum
456 1093 556 1150 pensat
561 1093 589 1138 et
594 1089 733 1138 cunoeaad
744 1089 846 1142 electo.-

44 1187 108 1226 rurn
119 1186 232 1222 suorum
242 1170 360 1220 salutem
368 1168 556 1236 praeordinat.

98 1259 124 1306 7.
142 1255 209 1306 Ideo
225 1268 279 1305 non
294 1251 424 1306 debemus
435 1253 598 1320 desperare,
619 1253 681 1305 cuni
698 1259 846 1321 tentamur,

45 1339 97 1390 sed
118 1354 152 1390 eo
171 1337 322 1389 ferventius
339 1338 431 1390 Deum
448 1353 575 1402 exorare,
595 1347 729 1407 quatenus
748 1357 799 1394 nos
817 1343 846 1393 in

46 1424 123 1474 omni
136 1421 315 1474 tribulatione
329 1423 459 1491 dignetur
473 1423 618 1492 adjuvare:
638 1426 685 1492 qui
697 1427 793 1494 utique
803 1443 846 1479 se·

45 1508 166 1560 cundum
184 1506 286 1560 dietum
296 1508 376 1559 Pauli
398 1508 502 1561 talem
516 1489 632 1573 *iet
650 1525 721 1561 oum
737 1517 845 1563 tenta-

44 1595 142 1644 tione
166 1597 381 1658 proventum,
409 1599 446 1644 ut
467 1594 640 1659 possimus
659 1596 844 1648 sustinere.

7 1663 11 1670 ’
44 1677 231 1730 Humiliemus
250 1691 318 1743 ergo
338 1678 443 1728 animas
462 1684 571 1728 nostras
586 1677 637 1729 sub
651 1693 734 1729 manu
748 1679 801 1732 Dei
816 1681 846 1730 in

47 1763 123 1814 omni
133 1761 287 1812 tentatione
297 1766 325 1812 et
334 1761 528 1824 tribulatione,
544 1762 609 1829 quia
619 1760 736 1814 humiles
746 1765 845 1828 spiritu

46 1844 167 1899 salvabit
176 1851 205 1895 et
214 1845 356 1896 exaltabit.
430 1891 436 1899 ,

98 1929 389 1983 &intentationibus
413 1935 442 1980 et
465 1931 688 1990 tribulationibus
712 1930 846 1996 probatur

47 2013 273 2080 homo,quantum
280 2011 407 2079 proiecit,
415 2019 443 2064 et
451 2014 490 2064 ibi
496 2015 717 2080 majusmeritum
728 2013 845 2077 exsistit,

49 2106 78 2150 et
86 2099 171 2149 virtus
181 2099 281 2150 melius
291 2097 418 2165 patescit.
453 2097 513 2148 Nec
521 2113 651 2164 magnum
662 2105 712 2158 est,
728 2094 843 2148 sibonio

49 2181 164 2233 devotus
178 2181 216 2234 sit
230 2189 259 2234 et
272 2180 408 2245 fervidus,
424 2197 485 2234 eum
500 2182 664 2248 gravitatem
679 2195 734 2230 non
748 2183 845 2244 sentit3

50 2266 100 2316 sed
117 2267 142 2316 si
164 2272 290 2332 tempore
314 2266 489 2320 adversitatis
513 2267 651 2332 patienter
669 2281 699 2316 se
718 2265 844 2328 sustinet,

51 2363 113 2414 spes
122 2350 216 2417 magni
229 2349 372 2416 proiectus
383 2351 443 2402 erit.
480 2349 598 2413 Quidam
609 2365 626 2400 a
635 2351 742 2416 magnis
756 2356 844 2400 tenta·

50 2431 170 2484 tionibus
185 2433 379 2486 custodiuntur
393 2442 422 2486 et
429 2437 458 2485 in
467 2427 560 2502 parvis
576 2434 744 2502 quotidianis
759 2449 844 2500 saepe

50 2519 200 2578 vincuntur,
206 2523 237 2569 ut
246 2515 526 2588 humiliatinunquam
537 2519 571 2571 de
581 2519 688 2588 seipsis
698 2520 726 2568 in
735 2519 844 2584 magnis

12 2609 14 2614 '
50 2599 290 2668 condonaturum
301 2609 358 2653 tam
367 2603 483 2662 modieis
492 2605 673 2656 infirmantur.

6 2797 8 2804 Ι
101 2738 120 2777 7.
135 2735 146 2776 1
163 2731 213 2774 Cor.
224 2735 291 2781 1o,13.

352 2837 542 2867 ψ
