2072 3068
242 178 398 226 CHRISTI
431 182 498 226 ΜΒ.
514 181 557 226 111.
576 143 651 228 clar.
669 185 708 229 21.
831 183 880 234 lia

3 351 4 360 ἵ
90 295 181 346 minua
197 299 241 345 eat
254 297 282 345 et
294 295 474 358 insufficiens,
491 295 623 363 quidquid
636 304 747 363 praeter
755 303 783 350 te
792 299 881 364 iprum

3 403 4 454 j
90 377 159 429 mihi
173 377 275 442 donae,
289 384 343 429 aut'
351 378 386 430 de
400 385 429 430 te
437 381 498 459 inno
513 381 621 431 revelas
636 380 678 432 vel
687 383 838 447 promittis,
853 387 881 433 te

3 455 5 498 fi
92 478 148 514 non
165 463 226 513 rien
245 476 297 513 nen
313 462 395 528 plene
414 463 529 528 adepto:
551 463 809 532 quoniamquidem
827 480 883 516 non

3 551 9 562 '
92 551 187 613 potent
201 560 353 598 cormeum
362 547 498 598 veraciter
510 547 684 614 requiescere
699 563 749 599 neo
758 547 883 600 totaliter

21 677 25 683 ,
92 629 883 697 contentari,nisiintereqniescatetomniadonaomnem·
963 626 965 632 ’

90 717 312 776 quecreatnram
322 713 506 765 transcendat.
810 719 814 729 ⁴

143 797 168 848 3.
188 785 884 870 omidsseetinimesponse,Jesochr·pte‚ambtor

91 880 248 950 purissime,
259 878 415 932 dominator
423 883 567 934 universae
578 889 730 947 creaturae,
745 885 805 950 quia
815 881 883 934 mibi

3 989 4 992 ¹
91 963 141 1016 det
154 977 259 1030 pennas
273 977 356 1015 verae
370 964 507 1018 libertatis
522 966 714 1018 advolantium
728 973 882 1034 etpansan·

91 1044 248 1099 dumintei
270 1047 414 1114 Oquando
424 1048 579 1116 adplenum
589 1047 882 1102 dabiturmibivacare

92 1137 121 1182 et
137 1130 247 1194 ridere,
272 1133 528 1198 quadrantariam,
550 1133 669 1186 Domine
687 1135 765 1186 Deua
788 1130 883 1184 menni
936 1159 938 1164 ,

92 1214 210 1278 Quando
222 1214 375 1281 adplenum
385 1230 428 1266 me
437 1215 600 1284 recolligam
609 1219 637 1268 in
646 1222 683 1281 te,
692 1223 723 1268 ut
731 1231 798 1283 prae
808 1231 882 1266 amo·

77 1314 122 1372 ¹re
136 1305 185 1350 tuo
201 1313 254 1349 non
264 1299 381 1350 sentiam
394 1314 451 1362 nne,
467 1300 517 1352 sed
531 1307 559 1352 te
573 1301 662 1353 solum
676 1315 759 1368 supra
774 1302 882 1352 omnem

3 1381 4 1384 ’
92 1399 202 1436 aenium
214 1389 241 1434 et
250 1381 369 1446 modurn,
375 1384 403 1432 in
412 1383 495 1437 modo
506 1399 561 1435 non
571 1382 787 1437 omnibuanotoi
804 1384 883 1436 Nunc

93 1474 186 1518 autern
201 1465 360 1532 frequenter
373 1459 468 1534 gemo,
484 1473 512 1519 et
520 1467 711 1521 infelicitatem
723 1483 813 1519 meam
823 1483 884 1520 oum

41 1553 44 1558 '
60 1607 65 1618 ¹
95 1549 194 1602 dolore
204 1555 298 1616 pono:
318 1552 382 1618 qula
396 1552 482 1604 multa
495 1553 606 1604 malain
615 1543 748 1604 hr'acvalle
760 1553 884 1604 miseria-

92 1650 154 1686 rum
165 1639 324 1697 ooourrunt,
340 1650 411 1702 quoe
419 1651 464 1688 me
474 1638 584 1702 saepius
595 1637 772 1700 conturbant,
784 1638 884 1688 contri-

93 1718 170 1772 stant
180 1724 208 1770 et
217 1717 390 1781 obnubilant,
403 1721 513 1785 saepius
522 1719 674 1786 impediunt
683 1725 712 1770 et
720 1718 884 1782 distrahunt,

93 1801 219 1854 alliciunt
233 1808 262 1854 et
273 1802 429 1868 implicant,
442 1817 477 1854 ne
487 1803 603 1874 liberum
613 1802 728 1854 babeam
744 1818 885 1854 accessum

92 1886 181 1949 adte,
196 1891 225 1937 et
234 1901 268 1937 ne
275 1886 402 1952 jucundis
412 1885 490 1937 fruar
500 1887 669 1952 amplexibus
674 1923 682 1950 ,
710 1893 804 1937 raeatn
815 1901 885 1936 rem·

5 1991 6 1996 ¹
92 1970 403 2038 perbeatirapiritibno.
437 1970 550 2022 Movent
559 1978 587 2021 te
596 1970 742 2036 suspirium
751 1982 842 2020 meum
857 1975 886 2020 et

93 2055 231 2108 desolatio
241 2053 514 2121 multiplexinterra.

142 2139 168 2190 t.
188 2139 305 2200 oleru,
324 2137 456 2204 splendor
474 2143 604 2189 aeternae
618 2136 740 2205 gloriae,
760 2136 884 2188 solamen

92 2223 295 2291 peregrinantia
305 2223 422 2286 ammae,
429 2222 502 2290 apud
511 2227 539 2274 te
549 2227 592 2273 eat
601 2234 632 2273 oa
642 2235 733 2273 meum
740 2221 799 2272 aine
807 2235 883 2284 voce,

93 2313 122 2358 et
135 2306 275 2358 silentium
290 2321 380 2358 meum
393 2305 516 2364 lonuitur
530 2306 590 2356 tibi.
625 2306 773 2374 Usquequo
791 2305 885 2356 tardat

91 2391 187 2442 venire
196 2390 331 2442 Dominus
344 2388 439 2442 meust
468 2389 568 2443 Veniat
581 2389 616 2439 ad
630 2405 674 2441 me
688 2389 884 2457 pauperculum

93 2489 184 2536 auum,
201 2479 229 2525 et
238 2473 340 2524 laetum
349 2472 452 2525 saciati
485 2475 579 2524 Mittat
593 2487 701 2524 manum
710 2488 788 2525 auam
798 2479 826 2526 et
835 2475 883 2524 mi·
971 2531 974 2546 Ι

93 2573 184 2610 aarum
200 2557 299 2623 eripiat
312 2557 346 2610 de
362 2558 436 2610 omni
451 2557 586 2624 angustia.
621 2557 705 2621 Veni,
720 2559 795 2610 venir
820 2559 885 2625 quia

93 2643 153 2693 aine
164 2648 191 2692 te
202 2641 278 2691 nulla
288 2642 341 2692 erit
349 2640 424 2706 laeta
434 2640 493 2692 dier
508 2639 647 2705 authore,
664 2643 728 2710 qnia
737 2649 767 2692 tu
775 2642 884 2692 laetitia

93 2739 169 2786 mea,
185 2731 214 2776 et
227 2723 285 2776 sine
295 2732 323 2777 te
332 2739 420 2779 vacua
430 2731 472 2778 eat
481 2740 576 2778 mensa
585 2740 655 2778 mea.
690 2727 777 2778 Miser
788 2742 848 2776 sum
860 2735 888 2778 et
