2076 3066
136 181 169 232 dfi
375 182 426 228 DE
443 181 684 229 ΙΜῙΤΑΤΙΟΝΕ

135 298 217 350 modo
228 313 259 350 se
269 298 380 364 subjicit
392 295 532 372 humiliter
538 296 650 364 judiciis
663 295 812 348 hominnm.
847 299 929 352 Tunc

133 395 262 448 magnsnn
275 381 404 434 fiduciam
417 380 531 434 babebit
544 395 650 449 pauper
664 379 826 444 ethumilis,
842 387 870 434 et
878 397 928 456 pa·

132 466 208 516 sebit
216 459 336 533 undique
346 467 489 532 superbus.

180 565 205 616 ⁵.
224 567 303 618 Tunc
316 566 455 618 videbitur
472 567 584 634 sapiens
597 569 626 617 ln
640 545 809 619 boemundo
827 565 926 630 luisse,

132 649 177 715 qui
196 663 246 716 pro
267 649 377 702 christo
403 649 499 702 didicit
522 650 621 702 stiiltus
641 656 669 702 et
687 650 833 716 despectus
852 665 926 702 esse.

131 733 210 784 Tunc
223 733 344 800 placebit
363 734 451 785 omnis
469 734 612 786 tribulatio
631 735 769 802 patienter
782 747 925 800 perpessa,
1035 781 1036 792 ,

132 821 165 868 ct
179 817 285 868 omnis
299 817 467 885 iniquitas
482 819 656 886 oppilabit
670 833 821 870 ossuum.
846 819 926 871 Tunc

17 910 29 925 ·
63 939 66 944 .
131 899 264 966 gaudebit
274 902 361 952 omnis
376 902 491 954 devotus
507 902 681 954 etmoerebit
689 903 777 953 omnis
786 902 926 970 inreligio-

132 999 188 1035 sus.
223 985 304 1037 Tunc
315 987 377 1053 plus
397 987 531 1040 exultabit
549 1001 614 1042 caro
630 985 740 1050 afflicta,
761 986 841 1055 quam
857 988 926 1037 siin

132 1067 240 1120 deliciis
249 1067 587 1138 finissetsempernutuita.
623 1071 702 1122 'lunc
711 1069 868 1137 splendebit
876 1069 926 1122 ha·

131 1151 204 1206 bitus
222 1155 285 1206 vilis
305 1162 334 1208 et
352 1157 564 1210 obtenebrescet
584 1157 670 1208 vestis
693 1153 811 1228 subtilis.
846 1156 926 1207 Tunc

129 1237 192 1304 plus
206 1238 364 1292 laudabitur
377 1241 574 1306 pauperculum
588 1238 770 1301 domicilium,
787 1251 867 1306 quam
877 1237 925 1290 de·

62 1361 64 1368 ,
131 1328 257 1372 aasabim
271 1323 413 1387 palatium.
447 1323 526 1372 'l'unc
536 1321 644 1386 juvabit
656 1320 718 1387 plus
733 1328 861 1373 constans
875 1335 924 1388 pa·

130 1405 242 1466 tlentie,
258 1419 338 1470 quam
349 1405 437 1484 opinis
447 1404 541 1454 muudi
549 1405 684 1469 potentia.
719 1405 798 1457 Tunc
807 1405 925 1472 amplius

132 1487 299 1542 exaltabitur
312 1487 429 1554 simplex
443 1487 615 1551 obedientia,
631 1501 712 1555 quam
727 1490 816 1541 omnis
830 1503 926 1541 saecu·

130 1570 198 1623 laris
209 1572 319 1622 astutia.

182 1655 207 1706 o.
226 1655 305 1706 Tunc
318 1655 380 1722 plus
394 1655 558 1708 laetificabit
570 1671 640 1723 pura
654 1663 683 1710 et
695 1659 770 1710 bona
785 1659 924 1710 conscien-

132 1739 182 1801 tia,
193 1753 274 1807 quam
284 1739 367 1792 docta
376 1739 561 1807 philosophie.
595 1741 674 1794 'l'uno
686 1743 747 1810 plus
762 1741 929 1809 ponderabit

135 1827 287 1874 contemtus
307 1823 478 1887 divitiarum,
498 1839 579 1892 quam
597 1829 673 1878 totus
686 1824 834 1878 thenasmus
847 1827 928 1878 terri·

134 1919 275 1973 genarum.
311 1909 391 1960 Tunc
408 1909 497 1977 magis
517 1910 705 1962 consolaberis
724 1925 808 1977 super
826 1909 929 1961 devota
977 1933 982 1942 ·

135 1993 276 2055 cretione,
296 2007 377 2060 quam
395 2008 480 2059 super
496 1994 616 2046 delicata
635 1995 813 2048 comestione.
848 1995 929 2046 'l'unc

134 2076 227 2140 potius
241 2076 375 2142 gaudebis
391 2075 425 2128 de
441 2084 550 2130 servato
566 2079 691 2143 silentio,
707 2093 788 2146 qnam
798 2078 832 2130 de
842 2077 928 2146 longa

134 2155 316 2212 fabulatione.
352 2162 927 2232 Tuncplusvalebuntsanctaopera,quam
1032 2158 1033 2168 ’

134 2241 446 2308 multapulchravcrba.
481 2245 928 2319 Tuuoplusplscebitstuictavita
990 2279 991 2284 κ

136 2332 164 2376 et
174 2325 261 2376 ardua
270 2329 449 2394 poenitentia,
457 2334 538 2398 quain
548 2332 636 2382 omnis
647 2331 795 2383 delectatio
805 2337 926 2384 terrena.

134 2409 220 2460 Disce
234 2417 262 2462 te
275 2426 347 2465 nunc
355 2414 384 2464 iu
397 2409 508 2465 modico
517 2414 588 2480 pati,
603 2410 635 2464 ut
646 2420 739 2467 tuuca
753 2415 927 2482 gravioribus

135 2482 230 2568 valeas
244 2494 366 2548 liberan'.
400 2497 456 2548 Hic
468 2497 557 2563 primo
572 2498 673 2563 proba,
688 2498 753 2566 quid
767 2497 859 2564 possis
876 2514 927 2566 po·

31 2621 40 2635 ,
135 2583 205 2631 stes.
241 2578 271 2632 Si
280 2587 522 2649 nunctamparum
534 2579 611 2631 vales
621 2582 771 2645 sustinere,
786 2583 932 2651 quomodo
953 2659 957 2664 ι

187 2750 207 2790 s.
220 2745 303 2792 essin.
312 2752 351 2793 soc
360 2747 427 2804 (soi).
435 2751 468 2792 sa.
