2072 3068
168 167 217 216 iao
283 218 285 230 Ι
407 167 457 214 DE
481 165 719 214 rmrrnrtoma

130 315 134 324 ·
167 281 287 350 quodam
296 280 379 332 modo
389 282 619 342 incarceratione
619 270 807 348 compedibus
817 287 969 348 gravatus,

168 365 257 416 donec
270 363 332 416 luce
347 365 521 432 praesentiae
531 371 597 428 tuae
611 379 655 416 me
668 364 778 416 reficias
794 378 827 416 ae
836 363 969 416 libertati

131 467 137 479 ,
167 439 254 499 dones
264 447 421 514 vultumque
431 447 603 504 amicabilem
612 447 792 500 demonstres

216 531 241 582 5.
261 531 402 594 Quaerant
416 531 465 582 alii
474 545 524 597 pro
535 543 563 592 te
573 531 662 594 eliud,
678 530 860 598 quodeunque
870 531 965 584 libue-

164 617 213 668 rit:
228 613 295 668 mihi
305 614 380 666 aliud
388 615 498 665 interim
507 614 546 666 nil
555 615 647 680 placet
655 630 707 668 nee
715 615 883 681 placebit'
854 616 912 666 ursi
922 621 964 678 tu,

166 699 242 750 Deus
251 713 328 748 meus
334 712 417 764 spes
427 711 502 759 mea,
517 698 592 750 salus
603 705 724 750 aeterna.
758 697 822 751 Non
831 699 962 750 retinebo

129 765 135 778 ⁶
166 797 217 832 neo
224 781 375 878 ‘depranam
388 781 518 844 cessabo,
533 780 622 834 donec
635 783 726 850 gratia
739 787 788 834 tua
799 788 963 834 revertatur

165 863 549 945 mihiquewtuintusloquaris

215 947 240 1000 6.
258 949 331 1000 Eece
341 949 445 1000 adsum
473 951 545 1003 Eece
555 963 608 1017 ego
620 949 656 1002 ad
664 955 702 1013 te,
713 965 778 1018 qum
786 951 895 1004 vocastl
905 965 960 1002 me.

166 1033 391 1100 Laerymaetuae
402 1041 430 1085 et
435 1034 602 1089 desiderium
608 1049 716 1086 ammae
722 1041 796 1097 tuae,
802 1032 960 1086 humiliatio

165 1125 216 1170 tua
230 1124 258 1170 et
272 1119 400 1170 contritio
416 1119 508 1172 eordis
522 1118 722 1178 inclinaverunt
734 1133 778 1170 me
794 1125 823 1170 et
836 1119 960 1170 adduxe-

166 1207 230 1252 runt
239 1201 275 1252 ad
284 1207 321 1254 te.
412 1223 416 1232 ·

216 1287 242 1336 7.
260 1285 374 1336 atuixi:
394 1287 526 1349 Domine,
541 1287 675 1339 vocavite
691 1291 719 1338 et
732 1284 889 1338 desideravi
903 1283 961 1336 itui

167 1375 210 1432 te,
228 1374 341 1436 paramo
361 1370 453 1420 omnia
469 1385 601 1436 respuere
619 1374 787 1436 propterte.
823 1370 868 1423 Tu
887 1369 960 1423 enim

167 1453 244 1518 prior
254 1453 382 1502 excitasti
390 1466 447 1514 me,
460 1459 490 1502 ut
500 1468 661 1519 quaererem
669 1459 707 1505 te.
743 1452 787 1506 Sis
796 1467 865 1520 ergo
875 1453 958 1506 bene·

168 1535 399 1597 dietus,Domine‚
407 1537 453 1602 qui
462 1534 554 1588 iecisti
564 1535 635 1589 hane
643 1539 796 1590 bonitatem
806 1553 868 1590 eum
876 1553 957 1590 servo

167 1627 215 1670 tuo
244 1617 393 1669 seeundum
419 1619 621 1671 multitudinem
649 1621 856 1675 misericordiae
884 1627 957 1674 tuae.

168 1701 240 1765 auid
250 1701 334 1756 habet
348 1702 420 1754 ultra
430 1702 522 1756 disere
532 1719 627 1756 servus
636 1710 700 1756 tuus
710 1719 802 1758 eoram
812 1711 850 1769 te,
865 1707 958 1760 nisiut

166 1786 292 1838 humiliet
306 1802 336 1840 se
350 1787 431 1841 valde
447 1793 510 1840 ante
523 1794 565 1851 te,
585 1803 691 1842 memor
705 1804 814 1856 semper
827 1791 956 1856 propriae

164 1872 317 1940 iniquitatis
332 1877 359 1923 et
368 1870 498 1924 vilitatisi
531 1872 594 1926 Non
610 1873 683 1926 enim
701 1879 745 1926 est
761 1873 860 1927 similis
872 1875 914 1926 tui
926 1875 954 1926 in
1014 1905 1017 1914 ·

164 1958 268 2008 eunetis
283 1955 454 2008 mirabilibus
469 1956 541 2008 eoeli
557 1964 585 2011 et
598 1963 699 2010 terrae.
735 1956 803 2010 Sunt
813 1959 961 2024 operatua*
1020 1985 1021 1992 1

164 2039 237 2091 bona
246 2040 336 2102 valde,
344 2039 450 2106 judicia
459 2055 533 2102 vera,
545 2048 573 2094 et
581 2040 756 2108 providentia
765 2047 813 2092 tua
822 2048 952 2110 reguntur
1021 2057 1022 2072 ¹

163 2124 300 2175 universe.
335 2123 410 2176 Laus
421 2139 487 2191 ergo
499 2125 550 2176 tibi
560 2131 588 2177 et
596 2125 701 2192 gloria,
712 2140 728 2176 o
739 2125 829 2178 Patris
839 2126 950 2194 Sapien-

162 2206 214 2256 tia:
233 2211 261 2258 te
276 2207 371 2258 laudet
385 2212 413 2258 et
425 2207 572 2260 benedicat
586 2223 618 2260 os
633 2222 737 2271 meum,
753 2210 844 2262 anima
852 2225 913 2262 mea
923 2216 951 2262 et

163 2295 261 2342 cuneta
270 2296 364 2344 ereata
373 2291 462 2342 simul.

451 2550 645 2577 ——asew-v
