2072 3068
173 189 222 248 170
395 189 446 235 DE
469 187 713 237 ΙΜΙΤΑΉΟΝΕ

174 307 240 359 etati
253 305 304 357 rub
314 303 426 357 dominu
443 305 619 356 constitutus:
638 305 704 358 ideo
720 305 819 361 durum
831 305 885 358 tini
899 305 972 358 vide·

173 389 279 454 tur,'ad
292 397 387 441 nutum
403 390 518 441 ulterius
533 389 675 442 ambulare
691 397 720 443 et
733 405 814 442 omne
829 391 974 459 proprium

172 475 276 527 sentire
292 476 429 526 omittere.

222 559 248 612 6.
267 558 323 612 Sed
332 573 432 625 pensu,
442 558 495 621 idi,
505 555 603 610 horum
612 555 733 609 fruetur
742 557 885 624 laborum,
902 559 972 613 cele-

172 659 232 696 rem
246 644 329 695 finem
345 649 427 710 atque
441 643 595 709 praemium
610 643 691 693 nimis
704 657 848 710 magnum:
862 641 905 696 'et
919 659 973 695 non

173 727 289 780 habebis
302 725 368 778 inde
383 742 547 796 gravamen,
562 726 612 779 ned
626 725 809 778 fortissimum
819 729 973 803 petientipe

173 819 238 864 turae
257 812 390 864 solamen.
426 811 498 863 Nam
517 818 610 879 etpre
628 811 739 864 medice
752 810 972 876 haovoluntute,
1018 801 1020 810 ⁴

174 912 257 964 quum
266 911 339 948 nuno
351 901 451 964 sponte
461 895 582 959 deseris,
597 893 713 947 habebis
728 911 839 962 semper
848 897 974 952 volunta-

173 989 228 1033 tem
238 987 315 1032 tuem
324 982 353 1032 iu
363 981 459 1033 cuelin.
493 979 536 1033 lbi
546 981 646 1047 quippe
655 981 779 1032 invenies
790 995 887 1046 omne,
899 983 974 1050 quod

172 1067 304 1129 volueris,
315 1081 410 1129 omne,
423 1065 499 1133 qued
508 1064 670 1117 desiderare
679 1067 795 1131 poterin.
829 1067 871 1118 lbi
883 1067 974 1120 ederit

171 1152 222 1203 tibi
237 1151 324 1202 totius
338 1149 457 1202 incultas
470 1150 538 1200 boni
552 1150 612 1202 eine
625 1151 726 1202 timore
740 1151 897 1202 emittendi.
932 1153 972 1204 Ibi

172 1237 299 1287 voluntas
314 1241 376 1297 tua,
391 1249 449 1284 uuo¹
461 1245 572 1301 semper
585 1249 707 1298 meeum,
721 1234 762 1284 nil
776 1236 871 1302 cupiet
882 1243 971 1289 extre·
1016 1256 1019 1270 =

170 1336 252 1376 neum
261 1319 306 1372 vel
316 1319 461 1386 privatum.
496 1319 538 1370 lbi
548 1319 640 1370 nullus
649 1319 763 1371 resistet
772 1320 832 1383 tibi,
842 1337 926 1374 nemo
938 1322 970 1375 de

170 1413 198 1456 te
215 1409 414 1470 conqueretur,
426 1417 508 1454 nemo
518 1403 664 1469 impediet,
680 1402 748 1454 nihil
764 1404 903 1470 obviabit3
922 1407 970 1460 sed

170 1494 270 1568 cuneta
283 1486 444 1538 desiderata
455 1486 539 1550 simul
548 1481 628 1538 enmt
638 1488 810 1554 praesentio,
825 1495 970 1560 totumque

170 1569 302 1622 effectum
319 1576 397 1620 tuum
413 1569 542 1622 reficient
566 1575 595 1621 et
616 1570 808 1638 adimplebunt
827 1577 970 1642 usquead

170 1669 314 1708 nummum.
348 1653 391 1707 lbi
404 1653 521 1706 reddam
534 1654 656 1723 glorium
664 1670 715 1723 pro
731 1659 901 1711 contumelia
911 1676 970 1728 per·

170 1754 261 1808 peren,
272 1738 387 1806 pellium
397 1737 488 1790 laudis
497 1753 548 1806 pro
559 1753 702 1804 moerore3
720 1756 770 1809 pro
781 1741 846 1794 loeo
853 1745 969 1798 novissi-

96 1875 100 1892 ,
170 1823 331 1877 monerem
344 1825 425 1893 regni
438 1824 604 1877 insaecula.
638 1823 681 1877 lbi
700 1826 846 1892 apparebit
863 1827 969 1883 fluctu

171 1910 363 1973 obedientiae,
378 1908 513 1978 gaudebit
521 1909 603 1962 labor
611 1909 803 1978 poenitentiae
817 1917 846 1963 et
859 1910 970 1970 humilis

170 1995 307 2063 subjectio
318 1994 498 2046 coronabitur
507 1994 641 2061 gloriose.

220 2083 246 2145 ‚⁷-
264 2079 345 2134 Nuno
364 2093 431 2146 ergo
450 2078 600 2130 inclinate
618 2078 759 2131 humiliter
778 2080 828 2133 rub
848 2082 969 2132 omnium

169 2166 311 2228 runnibnn;
333 2179 385 2216 nee
404 2164 441 2214 sit
459 2164 509 2214 tibi
529 2177 626 2226 curae,
647 2164 707 2229 quis
726 2162 780 2214 hoo
804 2163 909 2216 dixerit
925 2166 969 2218 vel

123 2305 128 2315 ¹
167 2251 291 2316 jusserit.
328 2247 385 2300 Sed
398 2245 453 2299 hoe
465 2255 636 2314 magnopere
651 2255 761 2311 curato,
776 2251 967 2318 utuivepree-

169 2335 242 2384 latus
256 2348 307 2385 seu
319 2334 414 2398 junior
428 2337 476 2382 aut
491 2332 616 2398 aequalis
631 2331 737 2399 aliquid
757 2340 816 2386 nte
835 2349 967 2402 exposce·

161 2419 206 2484 ¹rit
219 2416 266 2467 vel
278 2416 411 2477 innuerit,
427 2431 477 2482 pro
487 2416 563 2467 bono
573 2421 663 2466 totum
678 2417 800 2484 accipias
815 2423 845 2470 et
858 2421 966 2472 sincera

166 2500 311 2550 voluntate
335 2498 459 2550 studeas·
472 2498 634 2565 adimplere.
671 2500 796 2562 Quaeret
813 2502 886 2556 elius
905 2503 964 2567 hoc,
1018 2487 1020 2556 J

170 2585 241 2636 alius
259 2582 342 2646 illud3
370 2583 508 2650 glorietur
528 2584 578 2637 ille
601 2586 630 2636 in
651 2587 702 2638 illo
726 2593 755 2640 et
777 2589 830 2640 iste
854 2589 885 2639 in
903 2590 964 2651 isto,

169 2667 353 2733 laudeturque
375 2667 476 2718 millies
499 2669 588 2720 mille:
616 2676 646 2721 tu
669 2677 762 2723 autern
786 2686 839 2724 nee
860 2672 890 2724 in
912 2674 964 2726 into

170 2767 222 2804 nee
239 2752 268 2802 in
286 2751 350 2814 illo,
371 2750 462 2802 sedin
477 2753 619 2818 tuiipsius
634 2755 726 2822 gaude
741 2763 883 2809 contemtu
898 2765 926 2809 et
938 2757 962 2807 in
