2076 3066
189 170 222 231 ot
383 191 389 208 ¹
428 181 479 228 ou
500 177 742 226 innunmonu

188 297 251 358 etia,
262 266 385 362 ouamvia
394 309 445 347 rex
454 296 491 345 ait
500 293 544 345 vel
553 307 633 362 papa.
670 293 738 355 Quin
749 298 805 355 eat,
820 293 867 359 qu·
881 292 981 352 melina

187 375 287 430 habeti
297 379 397 448 Utique
407 379 454 446 qui
463 391 513 444 pro
524 377 585 428 Deo
596 375 701 442 aliquid
711 377 770 442 pati
778 376 860 429 odet.

237 479 262 529 2.
281 479 384 532 Dicunt
391 477 471 534 multi
479 474 631 528 imbecilles
643 481 671 527 et
678 477 791 528 infirmi:
806 476 887 538 Eece,
898 491 982 543 quam

101 574 107 598 ¹
186 564 289 616 bonam
306 566 391 616 vitam
407 561 456 613 ille
475 559 557 612 homo
576 557 673 610 habet!
693 573 774 627 quam
793 557 878 621 dives,
898 575 981 626 quam

186 663 312 716 maguus,
331 661 413 714 quam
431 650 531 711 potens
545 649 574 695 et
588 642 727 694 exoelnuoi
747 641 803 694 Sed
818 642 930 693 attende
945 643 983 695 ad

185 732 322 784 eoelestia
331 731 418 792 bona,
435 735 463 781 et
471 728 577 779 videbis
592 727 666 794 quod
678 727 833 778 omniaiota
842 731 981 793 tempora-

187 816 227 865 lia
236 815 312 866 nulla
321 820 397 878 sunt,
413 813 464 865 sed
477 812 558 863 valde
572 813 680 863 incerta
690 811 815 878 otmagin
826 813 981 878 gravantia,

147 967 149 973 Ι
188 899 253 965 quia
262 913 399 965 nunquam
413 900 473 949 nine
487 895 672 948 sollieitudine
688 901 716 946 et
729 895 982 962 timorepo'asiden-

187 987 240 1033 nn.
276 981 339 1034 Non
354 989 396 1034 eat
409 981 527 1032 hominis
546 979 676 1042 felicitas,
695 977 798 1032 habere
809 980 983 1046 temporalia

188 1065 225 1116 ad
243 1065 447 1128 abundantiam,
466 1064 515 1117 sed
529 1064 631 1116 suffieit
644 1065 672 1116 ei
685 1060 872 1116 mediocritas.
906 1065 983 1117 Vere

187 1152 301 1205 miseria
324 1156 367 1202 est
387 1151 479 1201 vivere
503 1162 586 1216 super
608 1155 719 1200 terram.
764 1148 883 1210 Quanto*
896 1146 982 1201 homo

188 1236 309 1304 voluerit
318 1248 379 1286 esse
393 1231 578 1298 spiritualior,
597 1237 675 1284 tanto
690 1247 823 1299 praesent
837 1235 895 1284 vita
908 1235 940 1286 iit
956 1237 984 1287 ei

189 1320 322 1382 amarior,
338 1318 403 1385 quia
412 1317 496 1368 sentit
503 1315 602 1368 melino
613 1321 642 1366 et
649 1315 726 1368 videt
735 1317 835 1370 clanim
845 1317 983 1370 humanae

189 1403 372 1469 corruptionis
383 1398 516 1454 deiectus.
551 1399 983 1470 Namoomedere,bibere,vigi'·

187 1488 257 1550 lare,
268 1485 403 1550 dormine,
415 1486 571 1552 quiescere,
582 1483 712 1538 laborare
723 1491 751 1538 et
759 1485 877 1538 caeteris
887 1499 983 1538 uenea-

190 1571 318 1623 sitatihua
327 1559 442 1620 natiuae
452 1569 610 1636 subjacere,
624 1585 690 1622 vere
704 1584 805 1638 magne
818 1567 930 1620 miseria
942 1577 985 1620 eat

192 1663 220 1706 et
230 1653 342 1706 afflictio
353 1652 457 1705 homini
467 1653 584 1716 devoto,
600 1654 647 1721 qui
662 1654 780 1706 libenter
790 1657 864 1706 esset
873 1652 984 1704 absolu-

191 1745 235 1791 tuo
245 1745 274 1792 et
282 1739 353 1792 liber
362 1738 397 1790 ab
408 1739 482 1789 omni
491 1743 617 1804 peccato.

242 1824 267 1874 3.
286 1822 375 1876 Valde
390 1823 462 1873 enim
477 1828 609 1890 gramtur
617 1822 734 1874 interior
742 1819 826 1872 homo
836 1821 986 1870 necessita·

192 1907 265 1964 tibus
284 1905 474 1974 corporahbus
492 1907 521 1958 in
539 1905 593 1958 hoc
605 1905 717 1956 mundo.
752 1903 829 1955 Unde
844 1900 987 1968 Propheta

194 1990 294 2043 devote
311 1997 409 2058 rogat,
429 1997 563 2057 quatenns
582 1990 653 2042 liber
670 1989 705 2041 ab
723 1989 784 2039 intio
803 1999 865 2036 eoae
882 1985 986 2048 valeat,

193 2075 301 2128 moeno:
328 2076 377 2128 De
405 2075 678 2128 necessitatibus
704 2071 786 2122 meio
808 2067 894 2120 'eruo
920 2084 985 2133 me,

192 2160 342 2216 Domine.
378 2159 434 2214 Sed
444 2175 494 2212 vae
508 2173 563 2210 non
574 2155 802 2224 oognoaoautihuo
816 2167 894 2204 auam
902 2155 986 2207 miae·

192 2245 276 2308 riam;
287 2251 314 2297 et
324 2245 440 2311 amplius
450 2257 501 2293 vae
510 2240 581 2303 illio,
593 2240 639 2306 qui
649 2238 766 2306 diligunt
774 2236 846 2290 hano
855 2238 986 2290 miseram

194 2333 223 2380 et
232 2329 438 2396 corruptibilem
447 2327 540 2376 vitam.
574 2322 905 2391 Nomintantumquidam
914 2321 987 2378 hano

194 2412 408 2479 amplectuntur,
428 2409 495 2460 lieet
504 2407 587 2458 etiam
601 2407 647 2458 vix
661 2407 818 2458 necessaria
831 2406 986 2460 laborando

194 2502 242 2548 aut
255 2493 437 2548 mendicando
452 2490 585 2552 habeant,
601 2494 632 2541 ut
645 2491 669 2541 ni
683 2498 798 2556 possent
812 2488 858 2542 hio
877 2506 987 2558 semper

192 2583 295 2642 vivere,
306 2579 341 2629 de
349 2590 436 2643 regno
447 2575 501 2627 Dei
511 2572 579 2624 nihil
588 2579 723 2626 nument.

191 2682 511 2700 W

245 2748 265 2786 a.
281 2727 544 2794 nummismata).
569 2735 572 2741 “
