2080 3058
177 165 224 224 dio
416 175 466 222 un
489 173 730 222 rmuunuuoun

219 293 249 340 ’2.
269 289 355 354 Pone,
365 296 396 341 ut
404 291 503 343 melius
513 290 595 352 nosti,
608 303 642 341 ox
652 288 749 352 corde;
760 281 789 340 et
797 289 823 339 si
831 294 860 340 te
870 289 969 357 tetigit,
1028 279 1029 306 ¹

175 387 230 424 non
240 379 332 426 tamen
342 373 456 441 dejiciet
464 389 515 427 nec
525 374 572 424 diu
581 372 712 440 implicet.
737 372 970 444 ddmisnussusti-

174 473 209 510 ne
223 459 375 525 patienter,
390 457 483 510 sinon
497 463 578 524 potes
592 456 755 525 gaudenter.
789 456 910 508 Etiamsi
922 458 970 508 mi-

106 542 114 598 s
160 554 229 592 .nus'
236 541 356 594 libenter
370 542 449 594 audis
463 547 491 593 et
504 541 723 608 indignationem
736 542 836 604 sentis,
850 542 970 608 reprime
1028 561 1029 566 ¹

175 632 213 688 te,
223 641 275 678 nec
283 627 398 692 patiaris
409 625 514 693 aliquid
522 624 711 677 inordinatum
722 640 757 676 ex
766 640 815 676 ore
825 631 875 677 tuo
887 626 971 688 exire,

175 703 607 777 undeparviliscandalinentun.
636 710 699 762 Cito
711 710 892 777 conquiescet
900 725 971 762 com-

174 795 262 845 motio
274 793 404 856 excitata,
415 799 444 845 et
453 793 535 845 dolon
543 794 668 844 internus
677 799 834 846 revertente
845 794 971 847 dulcora-

101 931 104 936 ,
175 877 250 937 bitur¹
259 877 359 944 gratia.
391 874 487 929 Adhuc
496 879 558 928 vivo
570 892 636 944 ego„
644 877 712 929 dicit
720 878 865 942 Dominus,
874 879 972 946 juvare

76 958 81 962 ”
101 1009 105 1022 ,
175 967 204 1014 te
214 967 328 1029 paratus
339 961 460 1015 etsolito
472 961 588 1029 amplius
598 959 905 1026 consolari,sic'onfisus
913 962 972 1014 iuc-

175 1043 630 1098 1ismihietdevoteinvocavcris.
833 1033 839 1042 ’

225 1148 250 1208 d.
268 1149 466 1218 Animaequion
476 1153 581 1212 esto,et
590 1147 626 1198 ad
634 1148 771 1217 majorem
779 1149 970 1200 sustinentiam
1027 1127 1029 1170 i

176 1234 332 1301 accingere.
366 1232 430 1288 Non
445 1234 586 1284 esttotum
595 1232 770 1295 frustratum,
786 1233 971 1300 site-'saepius

173 1319 294 1386 percipis
312 1317 474 1370 tribulatum
491 1316 537 1368 vel
556 1318 680 1384 graviter
696 1321 841 1368 tentatum.
877 1317 970 1369 Homo

176 1417 206 1460 es
217 1408 246 1460 et
253 1417 310 1455 non
318 1402 410 1464 Deus3
429 1416 494 1456 caro
506 1415 545 1464 es,
555 1415 611 1454 non
621 1400 746 1468 angelus.
783 1400 931 1463 Quomodo
941 1407 970 1451 tu

173 1499 272 1551 posses
292 1499 402 1550 semper
417 1485 448 1542 in
466 1483 564 1536 eodem
583 1489 658 1535 statu
672 1485 781 1536 virtutis
798 1499 970 1552 permanere,

174 1567 285 1635 quando
301 1566 355 1618 hoc
368 1566 457 1621 defuit
471 1568 570 1634 angelo
585 1569 615 1618 in
629 1569 709 1621 coelo
725 1575 753 1622 et
766 1570 855 1636 primo
866 1567 970 1621 homini

173 1639 202 1702 in
217 1648 365 1718 paradisot
399 1652 460 1719 Ego
471 1667 544 1715 sum,
560 1654 608 1720 qui
621 1659 778 1709 moerentes
793 1653 873 1720 erigo
884 1653 971 1720 sospi-

173 1742 246 1800 tate,
267 1741 387 1798 atroam
402 1743 602 1804 cognoscentes
619 1738 807 1797 infirmitatem
826 1736 863 1787 ad
880 1750 971 1788 meam

174 1821 298 1889 proveho
310 1821 489 1872 divinitatem.

226 1925 251 1980 d.
270 1925 400 1987 Domine,
409 1909 586 1982 benedictum
595 1924 632 1980 sit
640 1923 753 1983 verbum
763 1929 854 1985 tuum,
873 1921 971 1974 dulce

175 2023 278 2075 super
295 2009 360 2060 mel
379 2015 411 2060 et
428 2007 538 2059 favum
557 2010 599 2058 ori
617 2023 689 2058 meo.
726 2004 971 2069 Quidfaceremin

173 2095 258 2144 tantis
268 2091 493 2144 tribulationibus
508 2093 680 2158 otangustiis
689 2092 773 2153 mois,
787 2091 897 2143 nisime
908 2106 971 2144 con-

173 2176 294 2228 fortares
305 2177 360 2227 tuis
371 2177 473 2228 sanctis
483 2173 672 2227 semonibusi
689 2174 847 2234 Dummodo
858 2176 970 2227 tandem

173 2261 209 2312 ad
220 2266 328 2327 portam
339 2259 436 2310 salutis
447 2259 613 2326 perveniam,
628 2259 692 2326 quid
703 2274 786 2310 curae
797 2265 849 2321 est,
859 2274 934 2327 quae
945 2267 972 2310 ct

174 2350 384 2411 quantapassus
394 2341 490 2401 iuerot
524 2343 569 2402 Da
584 2343 665 2402 finem
678 2342 794 2405 bonum,
810 2342 846 2394 de
858 2343 970 2396 felicem

226 2591 246 2628 2.
263 2586 408 2631 Edvdunt.
424 2589 520 2638 Pelle,
543 2595 573 2634 ut
594 2590 697 2634 melius
715 2593 803 2642 nosti,
829 2605 864 2635 ex
884 2593 969 2635 corde

170 2673 275 2702 omnem
298 2660 329 2701 cb
351 2662 410 2704 ista
434 2663 603 2712 tristitiam.
629 2669 656 2708 et
684 2665 707 2706 si
736 2676 768 2707 ea
794 2668 822 2706 te
850 2665 967 2717 tetigit,

170 2747 223 2775 uon
242 2736 285 2776 etc.
302 2753 330 2764 —
358 2732 631 2792 4.Psalm.1s(19)‚1i.
688 2756 692 2764 ·
