2056 3062
206 186 375 252 'cumani
407 187 473 232 nm.
491 184 510 230 ι.
530 186 602 230 cns.
622 187 712 231 zaza.
827 184 858 234 sn

8 351 9 360 ,
66 311 183 357 aeterna
196 306 336 354 tormenta
349 301 455 368 poteris
465 297 599 351 sufferret
618 299 741 352 simodo
751 301 861 353 modion

8 375 10 428 Ϊ
63 388 161 457 passio
176 393 233 437 tam
246 385 435 451 impatientem
455 384 553 446 efficit,
573 382 639 450 quid
657 381 783 450 gehenna
795 391 862 436 tuno

63 471 165 524 faciet!
179 471 326 522 Eocenere
341 484 396 521 non
410 468 555 535 potesduo
570 466 674 534 gaudia
682 466 799 530 habere,
814 469 861 521 de·

64 556 167 609 leotari
176 553 221 606 hio
229 555 258 604 in
267 553 370 605 mundo
381 558 409 604 et
417 559 516 620 postea
523 567 643 620 regnare
654 566 714 602 oum
725 550 845 604 Christo.
932 541 934 546 ’

115 641 141 689 7.
161 637 192 690 Si
200 653 287 705 usque
296 639 325 688 in
334 636 497 688 hodiernum
508 637 581 688 diem
591 649 700 705 semper
709 636 737 686 in
750 634 861 686 honori-

62 724 118 775 bus
129 726 158 774 et
166 721 353 788 voluptatibus
362 715 493 784 vixisses,
509 721 575 791 quid
583 726 672 772 totum
681 721 733 771 tibi
741 719 861 786 profuis-

64 811 119 868 set,
138 807 164 856 si
175 805 233 872 jam
250 806 322 856 moxi
339 802 656 872 instanti'oontingereti
675 805 774 856 Omnia
792 818 860 871 engo

63 889 175 940 vanitas
185 893 297 954 praeter
306 889 495 939 amareDenm
505 893 533 940 ot
541 887 584 938 illi
593 889 648 938 soli
656 889 770 940 servire.
807 887 862 948 Qui

65 971 245 1045 namneum
259 985 293 1022 ex
306 976 366 1045 tot9
388 971 470 1022 eorde
491 976 578 1032 amat,
596 986 647 1022 neo
660 977 791 1034 mortem,
811 985 862 1022 neo
911 1011 913 1018 .

65 1055 246 1121 supplicium,
257 1069 307 1105 neo
314 1053 461 1120 judicium,
471 1069 523 1104 neo
531 1052 667 1108 infernum
676 1057 786 1116 metuit,
797 1055 862 1121 quia

66 1128 209 1205 perfectus
225 1151 304 1188 amor
317 1151 450 1196 secutum¹
463 1137 499 1187 ad
516 1137 608 1191 Deum
626 1151 766 1194 aceessum
784 1138 860 1190 iacit.

68 1222 159 1283 Quem
170 1225 261 1283 autem
277 1218 367 1272 adhuc
375 1234 491 1286 peecare
501 1220 635 1284 delectat,
650 1222 826 1285 nonmirum,
836 1223 861 1274 si

8 1341 11 1356 .
65 1310 186 1356 mortem
196 1309 224 1355 et
230 1303 364 1370 judicium
372 1305 477 1368 timeat.
512 1305 621 1356 Bonum
629 1310 721 1358 tamen
732 1312 786 1369 ost,
797 1312 828 1356 ut
837 1307 861 1358 si

65 1388 194 1442 necdum
203 1387 860 1457 amoramaloterevooatsaltemtimorgehen·
894 1409 896 1414 ’

63 1475 145 1526 nalis·
157 1479 293 1544 coereeat.
329 1474 383 1535 Qui
400 1489 467 1534 veno
490 1474 619 1527 timorem
636 1471 691 1526 Dei
708 1475 860 1540 postponit,
882 1477 886 1484 “

65 1561 114 1612 diu
128 1564 202 1610 staro
216 1558 334 1614 inbono
348 1574 403 1610 non
416 1558 533 1622 valebit,
553 1557 603 1609 sed
618 1557 725 1608 diaboli
743 1556 860 1624 laqueos

65 1645 148 1697 citius
157 1644 287 1694 incurret

310 2163 468 2223 CAPUT
505 2165 615 2223 XXV·

34 2287 36 2290 ¹
109 2301 152 2353 De
165 2298 288 2371 ferventi
305 2301 487 2356 emendatione
509 2303 590 2358 totins
608 2289 679 2355 vitae
699 2310 814 2356 nostrae.

116 2477 142 2526 1.
160 2455 237 2529 Esto
255 2478 372 2547 vigilans
391 2485 420 2534 et
438 2480 556 2547 diligens
569 2479 598 2528 in
615 2479 671 2531 Dei
688 2481 811 2543 servitio,
830 2486 859 2533 et

66 2563 165 2630 cogita*
174 2562 476 2633 frequenteri.·Adquid
489 2566 597 2630 venisti,
614 2571 642 2618 et
656 2582 704 2618 cur
717 2566 858 2619 saeculum

65 2647 220 2715 reliquistis
230 2648 328 2700 Nonne
338 2654 369 2699 ut
377 2650 439 2700 Deo
449 2650 556 2701 viveres
561 2640 596 2702 'et
609 2650 759 2716 spiritualis
774 2647 856 2700 homo

67 2729 165 2786 fieres?
179 2732 267 2800 igitur
277 2731 312 2782 ad
321 2731 476 2798 profectum
486 2732 608 2797 ferveas,
625 2734 689 2801 quia
702 2733 858 2784 mercedem
