2072 3068
183 183 233 237 136
421 187 472 232 DE
495 181 735 233 tmlrtrlouu

182 301 267 352 alicui
288 299 469 368 undecunque
487 297 607 352 uenienti
625 297 770 350 inhaerere
791 303 819 348 et
838 294 976 361 adripere,

89 437 92 442 ,
181 395 312 452 tauquam
322 386 409 436 omnis
420 399 483 450 spes
492 385 529 436 sit
538 384 631 435 ablata
641 381 808 450 emergendi.
875 423 881 430 .

232 479 256 530 d.
276 477 341 531 Noli
359 484 456 546 putare
470 483 498 530 te
515 479 643 530 relietum
658 489 693 528 ex
706 481 781 537 toto,
797 475 923 542 quamvis
941 472 976 522 ad

180 570 288 631 tempus
296 564 348 616 tibi
356 564 478 622 miserim
489 563 608 630 aliquam
614 561 829 620 tribulationem,
837 558 881 608 vel
890 557 976 608 mem

182 654 304 715 optatam
313 648 496 698 subtraxerim
507 647 739 706 consolationem
753 644 876 694 uicerim
885 648 977 692 trans·
1021 661 1027 710 ι1

181 735 236 783 itur
250 732 285 782 ad
298 746 414 798 regnum
428 731 577 782 coelorum.
612 727 711 780 Ethoe
720 728 779 801 sine
790 726 873 777 dubio
885 727 975 792 magis
1025 717 1027 726 ’

183 815 294 882 expedit
305 816 357 866 tibi
372 819 399 866 et
413 815 531 866 caeteris
545 813 631 865 servis
646 813 729 873 meis,
744 817 774 862 ut
784 811 975 862 exercitemini
996 833 998 842 ι
1025 847 1027 862 ἢ

182 898 318 961 adversis,
334 913 415 964 quam
425 899 449 949 si
459 903 556 950 cuneta
565 898 600 948 ad
610 897 717 949 libitum
726 894 876 947 haberetis.
912 897 975 960 Ego

182 983 246 1033 novi
261 983 445 1049 cogitationes
456 981 643 1034 absconditas:
664 981 730 1046 quia
738 979 852 1029 multum
863 978 977 1044 expedit

182 1081 232 1132 pro
243 1067 332 1118 salute
342 1072 403 1130 tua,
418 1073 449 1118 ut
458 1066 594 1118 interdum
609 1065 668 1115 sine
683 1077 783 1130 sapore
797 1063 976 1142 relinquaris,

182 1167 216 1202 ne
227 1150 302 1202 forte
311 1151 428 1202 eleveris
437 1151 465 1200 in
474 1152 547 1202 bono
558 1165 688 1203 suceessu
703 1156 731 1202 et
739 1149 790 1200 tibi
799 1147 976 1212 ipsipiaeere

182 1235 250 1286 velis
259 1236 288 1284 in
300 1250 343 1297 eo,
351 1235 425 1302 quod
434 1250 489 1286 non
501 1251 540 1286 es.
569 1235 650 1298 Quod
661 1234 733 1296 dedi,
742 1232 852 1284 auferre
862 1246 976 1298 possum

184 1330 211 1370 et
219 1319 376 1380 restituere,
387 1334 449 1369 eum
458 1318 525 1370 mihi
534 1319 678 1384 placuerit.

232 1403 257 1450 5.
276 1392 344 1477 Cum
354 1401 467 1463 dedero,
476 1415 567 1453 meum
578 1411 633 1465 est3
645 1417 705 1454 eum
715 1402 889 1462 subtraxero,
900 1405 975 1450 tuum

183 1500 238 1535 non
247 1485 311 1534 tuli:
331 1485 396 1550 quia
405 1499 495 1535 meum
506 1491 549 1536 est
563 1501 657 1538 omne
673 1487 785 1538 datum
802 1485 925 1555 bouum
945 1489 976 1535 et

60 1584 69 1598 ··
139 1547 142 1566 ¹
165 1580 279 1618 somne
294 1567 413 1618 donum
428 1568 627 1634 perfeetum.
663 1571 974 1635 Sitibiimmiserogra·

184 1654 296 1702 vitatem
307 1658 354 1703 aut
364 1651 515 1719 quamlibet
525 1655 812 1716 conuafietatem,·ue
822 1653 974 1719 indigueris

183 1751 271 1804 neque
280 1725 410 1790 innudet
419 1753 468 1789 eor
476 1743 565 1800 tuum3
578 1753 631 1806 ego
642 1740 696 1790 cito
707 1739 852 1790 sublevare
862 1751 974 1802 possum

153 1865 159 1871 .
184 1828 211 1873 et
219 1835 301 1872 omne
312 1837 380 1873 onus
389 1823 418 1873 in
428 1821 558 1888 gaudium
566 1827 758 1874 transmutare.
778 1821 974 1874 Verumtamen

124 1924 134 1942 ‘
179 1909 270 1974 justus
283 1921 342 1958 sum
358 1914 386 1960 et
396 1907 654 1966 recommendabilis
664 1906 791 1968 multum,
807 1919 869 1956 eum
883 1907 924 1956 sic
933 1905 972 1957 sa·

183 1993 335 2043 eioteeum.

231 2076 255 2127 6.
275 2075 305 2128 Si
314 2077 390 2144 reete
400 2077 474 2141 sepis
485 2077 549 2126 etin
558 2075 675 2126 veritate
686 2073 818 2139 adspicis,
835 2087 987 2143 nunquam„

181 2157 265 2210 debes
280 2166 395 2225 propter
408 2159 525 2210 adversa
539 2165 595 2210 tam
610 2158 718 2224 dejecte
733 2157 905 2220 conmistari,
921 2157 970 2208 sed
1025 2199 1027 2254 Ι

181 2244 268 2309 magis
283 2243 406 2309 gaudere
421 2248 450 2294 et
462 2243 567 2309 gratias
580 2257 677 2308 agere:
696 2242 780 2292 immo
794 2239 849 2292 hoe
862 2233 970 2292 uuieum
1026 2259 1027 2272 ¹

180 2331 309 2390 reputare
324 2325 468 2392 gaudium,
488 2324 561 2391 quod
576 2323 701 2391 affligens
714 2329 743 2376 te
759 2323 902 2376 doloribus
915 2341 969 2378 nun

181 2417 265 2473 pareo
283 2410 343 2460 tibi.
388 2409 483 2462 Sicut
497 2409 631 2460 Tdilexit
652 2423 701 2459 me
719 2417 831 2474 pater,
857 2413 889 2460 et
907 2424 968 2477 ego
1026 2467 1027 2472 ἵ

180 2505 239 2542 vos
259 2491 384 2558 diligo,
402 2494 460 2544 dixi
469 2492 578 2543 dilectis
587 2491 729 2557 discipulis
739 2493 819 2542 meis:
840 2495 968 2559 quosuti·
1003 2543 1008 2551 ,

96 2598 99 2604 2
181 2587 234 2640 que
248 2587 303 2626 non
317 2576 380 2626 misi
394 2577 429 2626 ed
443 2575 546 2642 gaudia
558 2574 738 2639 temporalia,
757 2575 807 2626 sed
821 2575 858 2626 ad
871 2591 968 2643 magna

234 2743 255 2781 5·
271 2738 321 2780 Jac.
333 2741 353 2786 1,
364 2741 397 2779 ii·
412 2760 440 2770 -
469 2741 489 2780 6.
505 2740 587 2782 Juann·
599 2743 632 2788 15,
642 2743 663 2782 9.
