2066 3064
199 225 356 272 cHRlSTl
390 227 456 272 Lis.
475 229 517 272 ill.
542 229 614 273 cnr.
633 231 724 274 45.46.
810 227 859 280 tot

46 337 189 392 homines
199 342 301 408 maffl's,
313 345 394 408 quam
405 346 529 408 oportet,
543 341 679 394 attendis?
712 343 784 395 Nam
794 345 860 412 quia

48 423 168 490 despici
178 427 278 476 metuis
284 462 292 488 ,
306 425 473 491 reprehendi
482 440 532 493 pro
544 427 703 478 excessibus
713 441 769 478 non
778 429 820 478 sis
831 433 859 479 et
926 409 931 418 ¹

49 510 271 560 excusationum
280 509 442 562 umbracula
452 509 571 578 quaeris.

107 593 135 641 2.
156 588 213 644 Sed
226 594 332 660 inspice
346 594 498 656 tenelius,
514 598 543 645 et
552 607 702 661 agnosces,
717 593 858 661 quiavivit

52 671 152 727 adhue
160 675 190 726 in
199 678 227 727 te
241 675 357 727 mundus
373 683 496 729 etvanus
512 693 590 728 amor
602 676 731 744 placendi
740 674 857 727 homini·
947 707 956 718 ι

50 759 118 811 bus.
157 761 226 812 Cum
242 762 315 811 enim
323 762 432 813 bassati
440 761 548 829 refugis
563 767 591 812 et
605 759 737 813 confundi
747 775 797 827 pro
808 760 855 811 ‹le-

51 841 192 908 iectibus,
208 847 434 914 constatutique,
451 845 586 914 quodnec
594 860 676 896 verus
686 843 796 896 humilis
805 845 854 907 sis,

51 942 108 978 nec
117 941 185 978 rere
195 929 296 980 mundo
307 938 441 993 mortuus,
452 946 503 982 nec
512 928 628 980 mundus
637 929 689 980 tibi
698 929 852 980 crucifixus,

52 1009 113 1062 Sed
124 1010 191 1062 audi
200 1012 312 1064 verbum
322 1028 426 1076 meum,
438 1021 466 1066 et
474 1029 530 1065 non
540 1012 649 1065 curabis
659 1012 755 1064 decem
765 1012 854 1063 millia

52 1093 300 1148 verbahominum.
335 1098 422 1160 Ecce,
437 1098 462 1148 si
478 1095 853 1149 cunctaeontratedieeren·
927 1102 933 1121 ⁸

22 1181 30 1200 ³
52 1185 115 1241 tur,
132 1193 203 1246 quae
213 1181 280 1249 tingi
294 1181 649 1252 malitiosissimepossent:
669 1179 852 1246 quidtibino·

52 1263 188 1325 cerent'
167 1279 191 1314 u
202 1266 314 1316 omnino
324 1267 443 1317 transire
453 1262 760 1337 permitteresnecplns
770 1275 852 1329 quarn

53 1345 192 1398 festucam
202 1346 404 1416 perpenderesl
428 1347 568 1418 Numqud
576 1348 621 1400 vel
630 1361 713 1398 unum
723 1346 852 1458 capillum

54 1430 107 1480 tibi
119 1429 264 1484 extrahere
274 1431 405 1501 possenti

107 1512 131 1564 3.
152 1512 207 1566 Sed
227 1518 274 1584 qui
293 1519 429 1572 coriatus
447 1533 502 1570 non
517 1516 602 1570 hebet
615 1531 667 1570 nec
680 1517 769 1568 Duum
783 1530 850 1583 prae

18 1609 20 1614 ·
57 1597 159 1652 oculis.
174 1598 296 1653 faclhter
304 1603 389 1654 verbo
404 1607 532 1655 movetur
540 1601 760 1668 vituperationis.
796 1600 852 1662 Qui

56 1689 150 1733 autent
159 1684 187 1734 in
197 1699 241 1737 me
252 1686 365 1738 conlidit
379 1701 431 1738 neo
439 1687 553 1753 proprio
561 1687 668 1752 jndicio
679 1693 753 1736 stare
769 1699 850 1751 appe·

55 1768 104 1830 tit,
120 1753 222 1848 absque
233 1768 352 1820 humano
365 1775 474 1822 terrore
490 1771 551 1820 erit.
586 1771 647 1836 Ego
659 1770 731 1820 enim
741 1783 800 1819 sum
808 1769 853 1834 ju·

56 1849 111 1900 dex
121 1857 148 1902 et
157 1854 285 1920 cognitor
295 1854 416 1904 omnium
425 1859 610 1916 secretorum
621 1866 674 1919 ego
684 1853 752 1914 seio,
764 1851 850 1918 quali·

56 1941 153 1988 terres
164 1941 288 2000 actaest3
299 1950 351 2004 ego
361 1936 539 2002 injuriantem
548 1936 613 1987 nori
623 1940 651 1986 et
660 1935 849 1986 sustinentem.

9 1999 11 2020 ¹
56 2020 130 2071 Arne
141 2021 209 2072 exiit
220 2021 331 2072 verbum
340 2019 424 2082 istud,
437 2033 481 2070 me
491 2019 667 2085 permittente
676 2015 731 2071 hoc
740 2017 851 2080 occidit,

57 2111 92 2154 ut
112 2105 313 2156 revelentur
337 2119 377 2155 ex
398 2103 517 2154 multis
542 2102 702 2154 cordibus
722 2101 850 2168 cogita-

56 2189 178 2240 tiones.
213 2188 274 2256 Ego
284 2203 363 2240 reum
373 2175 585 2264 etinnocentem
591 2185 733 2252 judicabo,
744 2184 795 2237 sed
804 2200 849 2237 oc

59 2269 131 2321 culto
138 2267 243 2336 judicio
254 2277 399 2339 utrumque
410 2277 474 2323 ante
483 2269 603 2338 probare
613 2271 697 2324 volui.

107 2367 130 2417 t.
148 2369 349 2420 Testimonium
358 2366 498 2419 hominnm
508 2366 690 2433 saepefallit;
708 2366 849 2432 meumju·

60 2452 158 2503 dicium
169 2455 327 2515 serumst,
343 2453 428 2503 stabit
442 2458 470 2503 et
482 2466 538 2503 non
548 2451 730 2502 subvertetur.
765 2451 848 2502 Latet

60 2537 216 2605 plerumque.
231 2542 260 2589 et
272 2537 368 2604 paucis
384 2535 420 2588 ad
433 2535 544 2603 singula
554 2539 643 2602 patet:
661 2547 799 2602 nunquam
808 2537 849 2582 ts·

59 2637 118 2673 men
129 2627 210 2684 errat,
222 2637 273 2673 neo
283 2637 378 2674 errare
388 2626 490 2688 potest,
502 2621 610 2671 etiamsi
621 2619 709 2671 oeulis
718 2619 850 2684 insipien·

112 2793 132 2832 8.
148 2790 231 2839 Luci,
241 2791 276 2832 ³5.

618 2863 642 2914 ll
