2072 3068
169 187 217 236 112
411 189 462 234 DE
480 187 722 236 ΙΜΙΤΔΤΙΟΝΕ
763 185 766 196 ’

170 272 605 362 timebomortenrnecinfernum.
623 305 975 361 Dummodoinaeternum

170 401 214 437 me
224 400 279 436 non
289 387 420 454 projicias
430 388 631 441 necdeieasde
642 389 713 442 libro
723 385 813 453 vitae,
828 405 888 442 non
904 393 976 446 mihi

171 469 291 533 nocebit,
302 471 435 538 quidquid
445 474 551 524 venerit
559 473 747 526 tribulationis
757 487 842 542 super
851 491 910 528 me.

547 719 550 727 .
751 719 754 726 ,

405 998 562 1118 carri?
602 1000 731 1057 x-vlll.

245 1134 324 1201 Quod
340 1139 496 1204 temporales
514 1137 636 1189 miseriae
656 1139 772 1205 exernplo
794 1138 899 1192 Christe

248 1294 254 1299 ·
357 1221 550 1288 aequanimiter
567 1230 629 1274 sont
641 1220 782 1290 serendae.

221 1398 246 1445 t
262 1376 337 1459 Fir,
357 1411 410 1466 ego
431 1396 561 1449 descendi
579 1396 614 1448 de
634 1395 714 1449 coelo
733 1413 783 1465 pro
799 1403 848 1450 tua
863 1398 970 1462 salutm

172 1483 281 1549 suscepi
293 1489 356 1533 tuas
370 1483 498 1534 miserias
512 1497 567 1534 nou
581 1484 763 1546 necessitate,
782 1481 833 1534 sed
850 1485 969 1536 caritate

171 1564 311 1628 trahente,
325 1571 357 1616 ut
365 1566 528 1631 patientiam
537 1566 660 1618 disceres
671 1574 699 1620 et
707 1566 878 1634 temporales
888 1569 970 1622 mise·

172 1651 229 1700 rias
239 1664 295 1701 non
303 1648 480 1716 indignanter
489 1648 587 1702 ferres.
619 1649 906 1704 Namabhoraortus
916 1654 970 1704 mei

172 1748 259 1801 usque
274 1733 310 1784 od
325 1734 428 1785 exitum
443 1734 471 1783 iu
487 1749 567 1786 cruce
578 1749 634 1785 non
644 1733 734 1787 defuit
742 1734 808 1786 mihi
818 1736 970 1788 tolerantia

173 1819 288 1871 doloris.
318 1816 466 1870 Deiectum
475 1833 568 1869 rerum
576 1819 770 1886 temporalium
780 1833 912 1886 magnum
922 1819 968 1871 ha·

120 1969 123 1975 .
173 1893 232 1967 bu'i3
251 1903 352 1955 multas
367 1904 555 1971 querimonias
569 1903 604 1955 de
622 1917 667 1955 me
681 1902 842 1972 frequenter
861 1905 967 1967 audivi,

173 1988 350 2042 confusiones
361 1994 390 2040 et
399 1989 550 2055 opprobria
557 1975 677 2058 benigne
687 1988 817 2050 sustinui;
827 1989 967 2053 probare·

57 2125 61 2132 ,
172 2075 241 2125 ficiis
255 2073 481 2141 ingratitudinem
494 2073 603 2138 recepi,
617 2087 668 2138 pro
683 2071 824 2123 miraculis
838 2069 966 2139 blaspha-

172 2159 250 2220 mias,
261 2173 311 2224 pro
322 2158 450 2210 doctrina
457 2153 699 2222 reprehensiones.

220 2243 245 2290 2.
264 2242 397 2304 Domine,
412 2242 478 2307 quia
491 2246 522 2290 to
536 2241 645 2305 patiens
660 2239 738 2291 fuisti
752 2241 780 2291 in
794 2240 852 2290 sita
861 2246 924 2302 tua,
938 2242 964 2291 in

171 2323 225 2376 hoc
233 2326 351 2376 maxime
360 2323 500 2391 implendo
510 2330 688 2392 praeceptum
698 2325 785 2390 patris
793 2324 844 2386 tui,
853 2323 964 2391 dignum

171 2412 227 2469 est,
241 2413 274 2457 ut
287 2421 340 2474 ego
355 2408 479 2460 misellus
492 2412 624 2473 peccator
637 2407 786 2460 secundum
793 2407 964 2462 voluntatem

170 2499 246 2541 tuam
255 2492 393 2555 patienter
401 2507 446 2543 me
456 2492 616 2553 sustineam,
627 2497 656 2544 et
665 2491 755 2544 donec
763 2492 823 2571 ipss
833 2492 962 2555 volueris,

57 2606 60 2614 ·
170 2588 239 2624 onus
250 2574 438 2638 corruptibilis
444 2575 517 2626 ritae
526 2589 577 2640 pro
588 2575 677 2626 salute
687 2580 876 2642 meaportem.
895 2577 963 2630 Nam

172 2658 224 2708 etsi
239 2669 360 2708 onerosa
373 2658 492 2708 sentitur
501 2671 633 2723 praeseus
642 2659 714 2722 rita,
727 2658 804 2710 facta
817 2665 861 2711 est
874 2665 962 2712 tumen

169 2743 226 2808 jam
236 2741 490 2808 pergratiamtuam
496 2740 577 2793 valde
587 2743 738 2806 meritoria,
745 2749 827 2810 atque
839 2745 960 2810 exemplo
