2076 3066
233 217 392 266 cnmsrr
424 219 489 264 nso.
506 219 526 265 1.
545 219 617 265 cnr.
633 221 694 286 ¹nr.
842 220 857 269 5

61 332 164 413 billum
188 329 347 384 abstrahere
372 338 399 384 et
422 331 457 383 ad
480 331 629 384 invisibilia
650 339 678 384 te
696 335 855 388 transferre.

60 415 137 469 Nam
157 421 303 483 sequentes
322 429 400 466 suem
418 416 624 468 sensualitatem
642 418 780 469 maculant
793 434 856 471 oon·

62 500 221 562 scientiam,
233 505 261 550 et
269 498 386 566 perdunt
394 499 449 550 Dei
458 492 584 568 gretiam.

344 1062 498 1120 CAPUT
534 1065 579 1120 11.

243 1195 286 1248 De
303 1196 396 1249 humil
413 1197 509 1250 sentire
527 1200 570 1250 oui
586 1198 676 1266 epolus.

115 1392 140 1442 1.
161 1369 262 1471 Omnis
276 1387 358 1440 homo
377 1389 540 1442 naturaliter
552 1390 623 1440 scire
638 1389 790 1454 desiderat,
805 1393 854 1445 sed

64 1480 181 1533 seientia
195 1478 253 1530 sine
267 1480 366 1532 timore
381 1481 448 1542 Dei,
464 1479 529 1546 quid
537 1477 684 1546 importoti
702 1481 804 1534 Melior
814 1490 857 1534 est

63 1563 192 1634 profecto
207 1561 316 1614 humilis
328 1565 460 1626 rusticus,
477 1563 523 1630 qui
535 1563 597 1614 Deo
607 1564 705 1626 servit,
721 1579 801 1632 quam
811 1583 855 1617 su·
903 1557 908 1564 ⁸

64 1642 166 1716 uerbus
172 1644 360 1714 philosophus,
367 1647 414 1714 'qui
423 1662 452 1698 se
458 1647 586 1714 neglecto
594 1662 701 1699 oursurn
707 1635 779 1700 coeli
791 1664 854 1702 oon-

66 1731 180 1784 siderat.
204 1719 270 1793 ¹(lui
291 1731 362 1782 bene
385 1745 416 1782 se
438 1729 528 1796 ipsum
547 1733 702 1798 cognoscit,
726 1733 780 1784 sibi
801 1735 856 1800 ipsi

43 1813 682 1878 ‡vilescit,neelaudibusdeleoteturhumonis.
718 1815 746 1868 Si
758 1817 857 1868 scirem
922 1828 929 1848 ·

68 1899 171 1962 omnio,
187 1913 258 1966 ques
272 1899 301 1950 in
314 1896 415 1948 mundo
430 1903 505 1961 sunt,
525 1904 555 1949 et
567 1913 622 1950 non
641 1913 731 1950 essem
744 1901 773 1949 in
788 1901 857 1951 oeri-

69 1988 138 2035 teter
149 1981 215 2050 quid
223 1997 268 2034 me
274 1982 385 2050 juvaret
393 1994 487 2034 eorum
495 1981 567 2045 Deo,
578 1983 624 2049 qui
633 1997 677 2032 me
684 1981 857 2048 judicaturus

71 2063 257 2118 estextootot

66 2170 70 2176 '
119 2179 144 2226 2.
163 2175 281 2238 Quiesce
292 2174 401 2226 animio
411 2171 517 2225 sciendi
527 2173 673 2237 desiderio,
685 2175 750 2242 quia
758 2189 859 2244 magna

72 2260 255 2311 ibiinvenitur
268 2258 417 2311 distractio
426 2263 454 2309 et
463 2257 605 2324 deceptio.¹
634 2257 758 2310 Soiontes
772 2259 858 2311 liben-

72 2343 216 2395 terrolunt
224 2339 312 2394 videri
323 2348 351 2394 et
359 2342 497 2408 sepientes
507 2341 570 2394 diei.
603 2341 693 2394 Multo
702 2347 777 2406 sunt,
788 2357 859 2410 quae

75 2427 144 2478 seire
156 2441 253 2496 parum
266 2425 312 2477 vel
324 2423 394 2475 nihil
412 2425 519 2477 enimse
534 2415 664 2492 'prosunt3
683 2431 711 2477 et
725 2427 805 2478 valde
819 2427 859 2476 in·

75 2511 174 2578 sipiens
189 2516 244 2572 est,
263 2510 310 2578 qul
329 2509 465 2577 aliquibus
483 2509 613 2573 intendit,
632 2523 712 2577 quam
726 2507 769 2560 his
789 2523 860 2576 quoe

76 2593 157 2646 soluti
178 2607 245 2645 suae
264 2593 429 2646 deserviunt.
468 2593 557 2644 Multa
578 2594 662 2645 rerba
684 2607 740 2644 non
758 2591 861 2642 satiant

77 2679 205 2740 unimam,
224 2676 274 2728 sed
286 2677 360 2729 bone
372 2677 431 2728 rita
442 2676 592 2744 refrigerat
604 2682 736 2737 mentem,
756 2680 784 2726 et
792 2687 862 2741 puro
949 2709 952 2716 .

78 2763 242 2830 conscientia
251 2776 378 2829 magnum
388 2762 517 2814 adlleum
526 2768 649 2829 praestat
658 2757 859 2811 confidentiam.
