2076 3066
183 165 217 216 lt
350 217 354 222 ,
430 165 478 214 DE
496 163 738 214 tmlusulouu

446 355 602 412 CAPUT
638 355 719 411 xil.

396 471 439 524 De
457 471 572 526 utilitate
590 474 767 527 adversitatis.

233 635 258 683 1.
276 613 390 686 Bonum
404 636 483 686 nobis
500 639 555 697 est,
572 635 646 702 quod
662 635 811 703 aliquando
826 633 980 693 habeamus

78 744 81 755 s
183 721 291 789 aliquas
306 722 456 789 gravitates
472 728 500 774 et
514 723 740 796 contrarietates,
756 725 821 790 quia
834 739 921 792 saepe
932 724 980 777 ho·
1000 774 1003 783 ,

179 801 283 857 minem
298 805 333 856 ad
349 819 397 857 cor
409 812 555 870 revocant,
575 812 709 874 quatenus
729 822 759 858 se
773 809 802 858 in
817 807 901 858 exilio
918 823 981 860 esse

183 895 335 956 cognoscat
347 903 399 940 nec
413 905 490 958 spem
504 905 583 942 suam
592 893 621 943 in
636 892 770 959 aliquare
779 889 874 942 mundi
883 898 1007 965 ponat.

179 973 291 1026 Bonum
301 978 355 1036 cst,
372 973 446 1041 quod
460 975 598 1040 patiamur
608 977 773 1044 quandoque
784 973 981 1028 contradictio-

179 1073 240 1122 nes,
261 1063 289 1110 ct
303 1058 375 1126 quod
390 1059 463 1110 male
478 1065 506 1137 et
519 1059 682 1128 imperfecte
698 1059 733 1110 de
743 1059 823 1110 nobis
833 1061 980 1124 sentiatur,

183 1144 293 1195 etiamsi
305 1144 376 1195 bene
392 1145 500 1210 agimus
516 1148 544 1195 et
557 1144 733 1196 intendimus.
768 1145 825 1195 Ista
839 1159 925 1210 saepe
938 1147 981 1212 ju.

179 1232 247 1278 runt
256 1225 292 1278 ad
305 1225 488 1278 humilitatem
498 1231 526 1278 et
536 1241 553 1276 a
561 1242 633 1277 vana
647 1227 739 1293 gloria
752 1241 803 1277 uos
818 1223 980 1279 defendunt.

181 1311 263 1362 Tunc
277 1311 349 1360 enim
361 1309 462 1360 melius
476 1310 638 1360 interiorem
651 1315 751 1360 testem
765 1311 856 1362 Deum
871 1315 981 1378 quaeri·

180 1406 252 1456 mus,
264 1392 373 1460 quondo
388 1391 459 1444 foris
468 1392 663 1458 vilipendimur
673 1394 707 1445 ab
722 1391 876 1446 hominibus
888 1401 917 1473 et
926 1413 982 1448 non

180 1475 254 1528 bene
264 1475 345 1527 nobis
356 1476 486 1527 creditur.

234 1561 259 1609 2.
277 1558 344 1610 Ideo
356 1558 513 1623 deberetse
523 1556 605 1611 homo
615 1561 643 1611 in
653 1561 715 1614 Deo
725 1563 851 1612 totaliter
860 1563 983 1628 fumare,

183 1643 287 1710 utnon
302 1647 377 1699 esset
395 1644 422 1694 ei
439 1632 567 1706 necesse,
586 1645 686 1696 multas
701 1644 835 1721 humanas
855 1648 983 1699 consola·

183 1728 274 1779 tiones
294 1742 436 1794 quaerere.
481 1727 597 1790 Quando
617 1728 701 1782 homo
720 1731 811 1781 bonae
830 1731 983 1784 voluntatis
1014 1722 1020 1791 l

182 1811 332 1862 tribulatur
357 1811 403 1863 vel
429 1817 564 1876 tentatur,
593 1821 641 1866 aut
662 1815 743 1865 malis
767 1815 985 1880 cogitationibus

185 1893 333 1964 affligitur:¹
347 1901 412 1948 tunc
424 1898 515 1949 Deum
530 1899 583 1950 sibi
597 1901 686 1967 magis
701 1897 888 1950 necessarium
902 1900 984 1952 intel·

183 1979 254 2048 tigit,
265 1981 325 2032 sine
336 1996 389 2048 quo
400 1982 469 2033 nihil
477 1984 544 2035 boni
554 2000 584 2035 sa
594 2000 678 2052 possa
689 1979 879 2049 deprehendit.
903 1983 984 2038 Tunc

185 2067 268 2117 etiam
276 2066 415 2131 tristatur,
431 2070 517 2135 gemit
527 2074 555 2120 et
570 2074 632 2120 orat
640 2083 691 2134 pro
702 2066 835 2128 miseriis,
852 2081 920 2133 quas
935 2084 984 2135 pa·

184 2151 260 2201 titur.
295 2152 374 2203 Tunc
387 2152 483 2204 taedet
498 2167 560 2204 eum
575 2151 678 2202 diutius
693 2151 798 2212 vivere,
818 2156 847 2201 et
863 2157 986 2205 mortem

187 2239 265 2299 optat
274 2237 380 2298 venire,
395 2237 525 2308 utpcssit
538 2234 692 2286 dissoluat
707 2249 767 2285 cum
783 2232 893 2286 Christo
909 2251 983 2289 esse.

186 2318 265 2368 Tunc
276 2319 358 2370 etiam
371 2321 442 2371 bene
453 2317 586 2380 advertit,
600 2317 753 2383 perfectam
767 2319 946 2372 securitatem
957 2327 986 2374 et

185 2402 401 2469 plenamqacem
410 2399 550 2456 inmundo
561 2414 615 2452 non
625 2415 708 2466 posse
719 2406 854 2454 constare.

488 2659 683 2688 ψ
