2084 3064
181 203 231 257 196
422 207 473 253 DE
493 207 731 254 lMlTATIONE

180 327 257 378 Deos
274 337 364 386 meus,
384 324 461 390 eujus
475 324 684 376 misericordiae
698 339 755 401 noa
772 331 815 378 ast
829 325 975 379 numerus!

180 409 234 461 Ubi
248 406 315 459 mihi
328 407 399 460 bene
414 407 468 458 fuit
480 409 545 458 siue
554 405 600 459 tei
633 409 687 460 Aut
701 408 810 476 quaudo
825 409 901 462 male
916 426 975 462 esse

179 495 271 561 poturit
283 497 430 560 praesente
444 490 487 546 tet
500 537 505 558 ,
520 491 598 544 Malo
612 504 718 559 pauper
732 507 795 569 esse
808 499 927 559 propter
936 500 975 557 te,

181 589 263 645 quam
273 577 349 628 dices
364 577 424 628 sius
438 583 475 627 te.
510 575 592 643 Eligo
603 577 695 643 potius
705 583 796 630 tecum
805 577 834 628 in
842 581 924 630 terra
931 594 975 645 pe

180 662 332 729 regriuari,
347 675 428 727 quam
443 661 502 711 sine
516 660 669 713 te⁸coelum
682 654 836 726 possidere.
872 663 926 714 Ubi
938 672 974 725 ur,

179 747 219 796 ibi
230 745 352 807 coelum3
365 751 447 811 atque
457 745 496 796 ibi
505 757 581 796 mors
591 751 620 796 ct
628 743 762 806 internus,
771 745 821 796 ubi
829 751 860 796 tu
869 762 927 798 uon
937 763 974 798 as.

180 831 224 880 Tu
234 827 300 880 mihi
309 827 483 880 indesiderio
495 843 540 890 es,
555 827 657 880 etideo
666 834 767 894 postte
777 843 906 896 gemere,
922 831 975 883 cle·

179 927 256 964 mare
272 920 300 964 et
314 927 431 964 exorare
443 927 559 965 neeesse
569 918 620 964 est.
655 913 686 964 lu
695 911 771 962 nullo
782 912 903 980 denique
912 930 975 982 pos·

178 996 329 1066 sumpisse
340 997 495 1060 confidere,
510 997 594 1068 quiin
603 995 814 1048 neoessita'tibus
824 999 973 1050 auxilietur
1018 1015 1019 1018 ¹

174 1082 373 1157 opportunius,
393 1083 447 1133 nisi
460 1083 489 1132 iu
504 1087 531 1133 te
545 1081 608 1132 solo
620 1081 681 1132 Deo
695 1095 768 1132 meo.
805 1082 850 1133 Tu
865 1097 897 1136 es
911 1099 973 1150 spes

168 1171 255 1229 'mea,
269 1173 299 1216 tu
308 1166 495 1228 fiduciaria,
511 1172 541 1216 tn
551 1163 711 1217 consolator
721 1179 800 1216 meus
809 1169 838 1218 et
846 1166 974 1232 fidelissi·

177 1265 239 1302 mus
248 1251 276 1300 in
285 1251 420 1302 omnibus.

228 1336 252 1384 2.
273 1335 388 1398 Omnes,
403 1347 474 1402 quae
488 1347 540 1384 sua
555 1338 632 1396 sunt,
647 1338 796 1400 quaemut3
814 1338 845 1384 tu
855 1334 971 1386 salutem

177 1431 267 1468 meam
278 1428 306 1468 et
314 1417 469 1484 proiectum
478 1429 570 1470 meum
579 1416 755 1470 solummodo
764 1418 937 1484 praetendis,
946 1424 973 1470 et

178 1497 496 1551 omnisinbonunmihi
505 1501 652 1552 convenis.
684 1501 971 1554 Etiamsivariisten·

163 1585 329 1638 tutioribus
345 1588 373 1635 et
387 1584 600 1635 adversitatibus
615 1598 751 1651 exponas,
766 1583 821 1638 hoo
835 1591 924 1638 totum
938 1585 971 1643 ad

177 1668 326 1720 utilitatem
340 1683 431 1720 meam
446 1666 572 1730 ordinas,
591 1669 638 1734 qui
654 1669 730 1720 mille
748 1669 838 1721 modis
853 1670 970 1722 dilectos

176 1761 240 1805 tuos
258 1753 377 1820 probare
397 1753 575 1804 consuevisti.
609 1753 641 1804 lu
659 1767 714 1820 qua
731 1755 898 1820 probatione
916 1770 970 1806 non

175 1841 264 1890 minus
279 1838 358 1906 diligi
373 1837 457 1890 debes
473 1843 501 1889 et
514 1835 638 1902 laudari,
658 1836 745 1904 quam'
757 1838 783 1889 si
801 1839 968 1895 coelestibus
1018 1887 1019 1908 ἢ

175 1923 412 1976 consolationibus
422 1938 465 1974 me
475 1921 608 1988 repleres.
808 1983 810 1988 Ι

224 2009 249 2059 3.
267 2009 297 2059 lo
315 2014 343 2059 te
364 2022 447 2075 ergo,
461 2007 581 2058 Domine
595 2007 685 2072 Deus,
701 2019 774 2074 pono
789 2013 879 2058 totam
892 2023 967 2074 spem

173 2107 263 2144 meam
274 2091 462 2159 atreiugium3
472 2089 501 2142 in
509 2097 537 2142 te
548 2103 656 2141 omnem
666 2091 874 2142 tribulationem
885 2098 913 2143 et
923 2107 966 2142 an-

174 2177 293 2243 gustiam
302 2189 393 2240 meam
403 2176 555 2230 constituor
572 2175 637 2241 quia
646 2179 735 2226 totum
744 2175 882 2226 infirmum
893 2177 966 2228 etiu-

173 2260 273 2312 stabile
286 2245 411 2323 invenio,
431 2257 564 2327 quidquid
583 2264 662 2310 extra
675 2265 703 2311 te
718 2259 869 2325 conspicio.
906 2260 966 2312 Non

173 2346 246 2394 enim
256 2343 408 2410 proderunt
420 2343 499 2394 multi
514 2343 610 2407 antid,
624 2357 714 2410 neque
724 2341 812 2394 fortes
828 2344 966 2394 auxiliarii

174 2427 305 2492 adjuvare
315 2433 458 2492 poterunt,
473 2441 524 2480 uec
534 2426 683 2494 prudentes
693 2427 846 2480 consiliarii
854 2441 966 2496 respon-

173 2525 233 2560 sum
242 2509 310 2578 utile
321 2509 401 2573 dare,
416 2525 507 2579 neque
516 2511 580 2562 libri
590 2510 735 2562 doctorum
746 2511 901 2574 consolari,
916 2528 965 2564 nec

130 2629 134 2636 ,
173 2593 266 2659 aliqum
275 2593 399 2658 pretiosa
408 2595 562 2648 substantia
571 2595 767 2659 liberare‚nec
777 2595 856 2648 locus
867 2597 964 2665 aliquis

173 2680 296 2727 secretus
307 2683 335 2727 et
345 2691 475 2730 amoenus
486 2681 632 2741 contutari,
639 2682 698 2731 situ
706 2681 766 2746 ipse
774 2695 830 2731 non
841 2682 962 2744 assistas,

170 2762 259 2826 juves,
271 2758 421 2824 confortes,
432 2762 594 2826 consoleris,
605 2765 725 2816 instruas
736 2769 764 2816 et
774 2765 923 2818 custodias.
