2072 3068
203 195 252 246 132
443 195 493 242 nli
516 187 755 242 ΙΜΙΤΛΤΙΟΝΕ
852 223 854 230 ⁴

119 353 134 377 ,
204 289 329 362 γίΙίιάιιὲ
342 307 561 376 ρῐοῐὶοιαομοᾱ
576 308 668 359 omnia
676 308 812 374 inspicere
826 309 901 362 sieut
910 315 999 366 trans·

206 394 308 457 euntia,
315 399 343 446 et
352 408 395 446 me
405 392 509 458 pariter
519 407 579 444 eum
588 391 644 442 illis
651 392 842 444 transiturum:
853 395 924 461 quia
933 394 999 447 nihil

205 493 368 546 permanens
383 478 432 528 sub
447 476 522 538 sole,
541 475 589 526 ubi
604 475 696 526 unrnia
709 476 816 527 vanitas
837 483 865 526 et
884 477 998 532 afflictio

205 564 326 630 spinare.
362 559 885 629 oqualneapiensquiitaeoneideratl

256 647 280 696 5.
299 647 344 697 Da
360 641 441 706 mihi,
455 644 583 706 Domine,
603 641 753 694 coelestem
770 643 954 709 sapientiam,
973 652 999 696 ut
1020 701 1021 704 ,

208 729 312 780 discam
326 733 354 780 te
368 742 451 794 super
465 728 557 780 emnia
571 740 705 794 quaerere
721 732 749 777 et
762 727 999 796 invenirefeuper
1020 795 1021 802 ἵ

190 803 196 812 “
209 812 302 862 omnia
315 825 413 877 sapere
428 817 457 862 et
470 812 587 879 diligere
602 816 631 864 et
645 817 756 864 caetera
765 812 918 864 secundum
929 814 998 864 ordi·

209 909 271 946 nem
289 895 442 962 sapientiae
460 902 538 959 tuae,
557 900 640 962 prout
657 899 733 957 sunt,
753 895 923 962 intelligere.
959 899 999 950 lla
1020 933 1021 946 ,

208 977 358 1044 prudenter
371 977 510 1032 decinam
524 978 711 1031 blandientem
730 984 758 1029 et
773 980 916 1044 patienter
928 983 999 1035 ferre
1020 975 1021 1036 ξ

209 1060 413 1127 adversantem,
424 1065 488 1132 quia
497 1061 567 1114 haee
576 1076 677 1129 magna
685 1063 831 1128 sapientia,
843 1079 901 1116 non
910 1081 998 1119 move·

207 1147 232 1196 ri
244 1147 317 1198 omni
326 1151 408 1199 vento
418 1148 578 1209 verborum,
592 1161 644 1197 aee
657 1159 752 1198 aurem
765 1146 838 1198 male
847 1147 998 1204 blandienti
1019 1163 1021 1172 “

208 1230 342 1296 praebere
366 1230 494 1296 Sirenae3
522 1233 562 1282 sie
586 1231 658 1282 enim
680 1231 790 1296 incepta
812 1233 942 1299 pergitur
957 1235 998 1284 via

207 1328 313 1366 secure.

504 1491 696 1520 ...Μ

392 1752 585 1829 ,clena
621 1756 783 1812 xxvun
846 1799 849 1807 .

373 1887 475 1958 Contra
492 1889 598 1960 linguan
617 1891 834 1966 planetatorum.
933 1907 935 1912 ·
1020 1961 1021 1968 ¹

256 2068 281 2117 l.
298 2043 376 2129 Ful,
395 2084 451 2120 non
466 2085 550 2138 aegra
565 2070 654 2132 feras,
670 2069 693 2120 si
708 2069 819 2136 quidam
833 2068 869 2122 de
883 2075 911 2121 te
925 2069 991 2123 male

208 2154 344 2218 senserint
353 2161 382 2206 et
390 2155 522 2220 dixerint,
538 2157 612 2224 quod
621 2171 676 2208 non
686 2154 804 2208 libenter
814 2155 919 2208 audias.
953 2157 992 2206 ln

208 2237 349 2290 deteriora
367 2239 401 2290 de
419 2239 527 2308 teipso
546 2242 649 2293 sentire
664 2240 749 2290 debes
768 2244 796 2290 et
809 2241 943 2292 neminem
956 2242 991 2291 in·

208 2321 357 2384 firmiorem
370 2328 403 2375 ¹te
422 2323 544 2376 eredere.
590 2325 620 2376 Si
638 2323 762 2374 ambulas
782 2323 816 2374 ab
834 2324 919 2386 intra,
942 2338 992 2375 nnn

210 2403 324 2454 multum
333 2406 500 2472 ponderabis
514 2408 637 2459 volantia
649 2407 742 2458 verba.
777 2407 828 2458 Est
845 2422 900 2457 non
914 2422 993 2474 par-va

208 2485 367 2551 prudentia,
378 2491 462 2544 silere
471 2492 501 2544 in
510 2498 633 2558 tempore
643 2490 717 2542 malo
727 2497 757 2542 et
765 2492 900 2542 introrsus
910 2491 943 2544 ad
951 2506 991 2542 me

209 2570 342 2628 converti,
352 2586 403 2624 nee
412 2571 530 2627 humano
538 2575 643 2641 judicio
654 2574 812 2626 disturbari.

259 2652 284 2700 2.
303 2651 364 2702 Nan
383 2655 420 2705 rit
432 2670 487 2721 pax
500 2663 549 2708 tua
561 2659 590 2708 in
609 2673 658 2708 ore
674 2655 826 2708 hominumn
848 2659 907 2710 ¹rive
925 2659 990 2710 enim

210 2733 279 2786 bene
289 2735 346 2784 sive
356 2737 428 2790 male
437 2739 611 2806 interpretati
621 2741 737 2804 fuerint,
749 2756 805 2792 non
814 2754 844 2792 es
853 2740 916 2822 ideo
926 2741 990 2798 alter
