2056 3062
201 178 236 228 2⁰
450 177 500 226 DE
518 175 760 232 intluATmNu

201 299 266 345 runt
279 294 446 345 tentationes
461 291 573 360 fugere,
594 297 623 342 et
636 292 747 359 gravius
761 290 893 343 incidunt
908 292 944 343 in
963 309 1007 346 eas

201 378 257 430 Per
276 379 364 429 solam
382 376 478 444 fugam
496 391 551 428 uon
569 388 716 442 possumus
736 376 860 439 uincere,
877 366 950 429 'sed
971 393 1007 445 pe

201 462 364 528 patientiam
380 466 408 514 et
421 443 516 512 ieram
531 459 715 512 humilitatem
731 460 857 511 omnibus
878 458 1007 514 hostibu

201 546 335 597 efficimus
345 545 487 597 fortiores.

251 630 275 679 t.
295 627 1007 691 Quitantummodoexteriusdeclinatnecradiceu

201 713 405 779 evellit,parum
415 711 554 778 proficiet:
569 711 653 762 immo
665 711 745 763 citius
752 709 788 760 ad
798 723 861 762 eum
870 715 1007 766 tentatio

199 813 249 850 nes
267 797 379 849 redient
393 802 421 849 et
434 797 514 863 pejus
533 793 643 848 sentiet.
678 795 817 848 Paulatim
836 800 865 845 et
886 809 947 862 per
965 811 1005 864 pa·

198 883 323 933 tlentiam
343 895 405 934 cum
423 879 649 948 longanimitate,
672 879 734 932 Deo
751 875 1005 945 juvante,'melios

199 966 352 1034 superabis,
360 979 442 1034 quam
448 979 510 1016 cum
515 963 619 1016 duritia
625 962 867 1031 etimportunitate
877 967 1003 1032 proptia

199 1049 317 1119 Saepius
332 1052 427 1119 accipe
441 1049 588 1103 consilium
601 1051 630 1100 in
644 1048 812 1111 tentatione,
828 1053 857 1101 et
871 1063 941 1100 cum
951 1058 1003 1102 ten·

197 1141 258 1189 tato
273 1135 331 1188 noli
346 1135 453 1190 duriter
466 1149 566 1203 agere,
584 1133 636 1187 sed
655 1132 875 1186 consolationem
896 1134 1002 1202 ingere,

199 1221 331 1277 sicuttibi
342 1228 454 1290 optares
464 1221 534 1272 lieri.

212 1325 218 1338 ’
251 1323 275 1370 5.
294 1319 404 1372 initium
421 1321 542 1371 omnium
556 1319 691 1371 malarum
705 1317 890 1370 tentationum
911 1321 1001 1374 incon

163 1417 169 1435 ¹
202 1404 305 1456 stantia
325 1403 410 1455 animi
424 1409 453 1455 et
469 1417 556 1471 parva
575 1404 610 1454 ad
625 1403 716 1456 Deum
737 1401 920 1455 confidentia:
945 1407 1001 1475 quia

186 1499 188 1502 '
204 1498 277 1547 sicut
286 1493 363 1544 navis
373 1491 432 1543 sine
441 1490 628 1558 gubernaculo
639 1488 775 1542 hincinde
786 1499 803 1539 a
814 1487 997 1545 ductibusim·

205 1578 331 1646 pellitur,
344 1578 385 1627 ita
395 1572 478 1627 homo
487 1575 620 1626 remissus
637 1585 752 1626 etsuum
764 1574 942 1640 propositum
959 1577 998 1628 de·

206 1678 301 1714 serens
317 1662 393 1712 varie
409 1665 540 1712 tentatus.
575 1659 650 1726 Ignis
660 1657 760 1726 probat
772 1655 896 1732 ferrum,
906 1667 997 1713 etten·

206 1750 276 1799 tatio
289 1745 427 1797 hominem
434 1747 547 1811 justum.
578 1743 722 1795 Nescimus
733 1756 817 1808 saepe
828 1741 894 1808 quid
904 1759 998 1811 possu-

206 1847 279 1893 mus;
297 1829 346 1881 sed
363 1829 480 1880 tentatio
496 1829 586 1895 aperit
601 1825 668 1894 quid
685 1841 787 1876 sumus.
821 1825 998 1892 vigilandum

208 1925 356 1969 esttamen
373 1914 521 1980 praecipue
537 1913 611 1964 circa
621 1910 731 1961 initium
744 1907 922 1974 tentationis,
940 1915 998 1985 quia

206 2009 271 2052 tunc
281 1999 391 2052 facilius
401 1997 490 2049 hostis
500 1998 632 2058 vincitur,
648 1996 672 2046 ci
682 1993 783 2046 ostium
795 1992 955 2047 nullatenus
965 1999 997 2048 in·

207 2093 282 2137 aare
301 2088 413 2145 sinitur,
430 2082 479 2133 sed
493 2088 572 2132 extra
585 2082 668 2133 limen
674 2115 682 2141 ,
698 2076 997 2144 statimutpulsaverit

208 2167 250 2218 illi
261 2170 395 2249 ooviatur.
431 2165 509 2217 Unde
520 2165 631 2232 quidam
641 2162 723 2213 dixit:

276 2266 419 2334 Principiis
430 2266 520 2318 obsta:
530 2279 588 2315 tero
601 2261 732 2314 medicina
738 2265 863 2330 paratur,

312 2350 378 2400 Cum
387 2350 513 2415 nmlapcr
522 2347 616 2413 longas
627 2345 760 2397 incaluere
770 2361 866 2397 moras.

212 2448 284 2500 Nam
293 2450 380 2513 primo
392 2449 513 2501 occurrit
521 2449 606 2500 menti
616 2446 732 2512 simplex
742 2447 890 2513 cogitatio,
902 2449 996 2502 deinde

211 2531 294 2582 fortis
304 2531 481 2598 imaginatio,
497 2533 596 2596 postca
607 2530 755 2582 delectatio
768 2535 893 2582 etmotus
903 2546 997 2604 pravus

213 2620 242 2664 et
256 2615 390 2665 assensio.
426 2613 526 2679 sicque
534 2612 668 2677 paulatim
678 2611 831 2679 ingreditur
845 2611 931 2668 hostis
947 2633 997 2670 ma·

242 2753 261 2789 5.
278 2748 340 2789 (inid.
350 2745 435 2790 remed.
445 2757 512 2786 amor.
522 2748 555 2787 til.
566 2747 600 2786 92.
