2072 3068
230 207 387 256 cniusTi
420 205 487 254 Lis.
505 207 547 254 111.
566 209 639 256 cnr.
659 212 749 259 eum.
807 272 811 280 1
839 213 888 266 137

94 325 258 386 certamine5
267 337 322 374 uon
333 324 368 374 ad
377 322 507 386 honores,
514 323 564 376 sed
573 323 610 374 ed
620 323 823 392 despectionem
834 345 889 382 non

95 411 129 461 ed
140 409 242 470 etium,
257 406 307 458 sed
323 407 358 457 ed
370 408 497 471 laborem
516 421 571 459 nen
582 408 618 459 ed
630 409 770 476 requiem,
789 413 839 464 sed
853 413 890 464 ed
959 465 961 478 ,

95 493 269 547 afferendum
287 490 406 542 fructum
424 493 539 546 multum
556 495 585 543 in
603 493 747 559 patientie.
781 491 890 550 Horum

94 585 243 641 memento,
256 577 296 627 iili
304 577 351 640 mi,
361 577 516 652 verborum.

407 796 595 824 “mu-

327 1027 485 1085 CAPUT
523 1027 653 1084 XXXI.

124 1165 168 1218 De
187 1166 308 1234 neglectu
328 1164 411 1216 omnir
430 1171 580 1226 creaturae,
599 1172 631 1215 ut
648 1172 754 1217 creator
768 1165 856 1234 porn‘t
897 1215 900 1228 ,
940 1209 942 1216 .

429 1263 552 1300 cuneum.

138 1425 164 1477 1.
182 1403 321 1487 Domine,
332 1423 403 1506 bene
413 1424 526 1491 indigeo
537 1422 737 1493 adhucmejeri
747 1427 852 1494 gratim
862 1428 886 1478 ei

88 1515 208 1567 debeam
217 1512 284 1564 illuc
293 1513 445 1578 pervenire,
453 1511 501 1562 ubi
510 1527 554 1564 me
564 1527 644 1564 nemo
654 1513 759 1580 poterit
767 1530 819 1566 nec
827 1515 886 1566 ulle

88 1601 217 1650 creetme
226 1596 369 1663 impedire.
404 1595 476 1648 Nam
485 1596 616 1663 quamdiu
629 1611 675 1648 res
686 1597 780 1664 eliqua
788 1615 833 1650 me
841 1615 885 1650 re-

88 1673 172 1744 tinet,
196 1695 252 1731 nen
270 1694 382 1746 possum
401 1680 488 1731 libere
508 1680 544 1731 ed
561 1686 590 1732 te
608 1681 713 1732 velere.
750 1683 886 1748 cupiebat

89 1763 311 1827 iibereaoiere,
337 1765 384 1830 qui
407 1762 534 1814 dicebete
572 1763 654 1825 Quis
681 1764 778 1816 dabit
803 1764 884 1817 mihi

3 1853 6 1864 '
89 1861 216 1916 pennas
239 1849 330 1899 sicut
353 1846 544 1908 columbae,
572 1851 606 1897 et
627 1847 752 1898 volabo
782 1853 815 1898 et
835 1863 884 1899 re·

87 1929 279 2001 quiescemi
313 1930 387 1991 Quid
397 1929 516 1994 simplici
527 1929 607 1980 ocule
618 1927 755 2005 quietiuei
772 1930 884 1996 Ecquid

89 2018 204 2069 liberius
227 2016 267 2067 nil
289 2013 466 2068 desiderante
485 2014 513 2063 in
531 2011 630 2063 tenisi
664 2015 783 2078 Oportet
800 2015 885 2080 igitur

88 2115 197 2153 omnem
207 2098 409 2166 supertransire
420 2103 575 2148 creemem
586 2105 613 2148 et
622 2112 652 2148 se
662 2098 752 2163 ipsum
760 2097 883 2162 perfecte

88 2179 233 2245 deserere,
254 2183 329 2234 acin
345 2193 460 2233 excessu
474 2182 573 2232 mentis
593 2191 667 2232 stare
686 2186 715 2232 et
727 2180 836 2242 videre,
855 2185 887 2232 te

87 2269 211 2320 omnium
221 2266 393 2318 conditorem
403 2280 464 2316 eum
474 2267 608 2317 creaturis
622 2262 882 2338 nilsimilelhebere.

88 2353 122 2403 Et
136 2353 191 2402 nisi
205 2353 266 2417 quis
281 2350 316 2400 ab
332 2351 457 2401 omnibus
477 2349 611 2401 creaturis
625 2347 710 2400 fuerit
729 2348 883 2414 expeditus,

75 2451 142 2498 (non
153 2435 257 2500 poterit
266 2434 354 2488 libere
363 2433 507 2486 intendere
517 2433 625 2484 divinis.
643 2432 710 2484 ideo
721 2433 793 2484 enim
802 2435 884 2499 pauci

88 2519 265 2571 inveniuntur
274 2518 494 2584 contemplativi,
506 2517 570 2583 quie
579 2517 660 2581 penei
670 2518 760 2568 sciunt
769 2532 800 2568 se
810 2531 828 2566 e
836 2530 884 2583 pe·

3 2671 4 2674 Ἴ
91 2603 185 2654 ritimis
197 2607 225 2653 et
234 2602 368 2653 creaturis
379 2601 415 2652 ed
424 2602 534 2668 plenum
543 2605 728 2667 sequestrare.

147 2775 166 2812 ι.
182 2769 269 2811 emin.
279 2773 306 2810 m
317 2770 373 2824 (ee),
384 2772 405 2810 5.
