2084 3064
42 2838 91 2848 —n—

169 205 215 254 tos
330 215 336 224 ·
406 173 456 248 u'a
480 201 721 248 immisimus

168 320 197 372 Si
208 321 248 371 vis
262 333 381 386 regnare
396 331 516 380 mecum,
532 323 614 384 porta
629 328 737 370 erucem
751 331 868 368 mecum.
906 317 966 370 Soli

167 405 241 480 eninp
249 405 322 456 servi
334 403 423 454 crucis
438 391 579 453 inveniunt
593 403 666 453 viam
679 401 860 452 beatitudinis
877 408 905 454 et
921 417 966 453 ve·

164 489 302 540 raelucis.

214 573 239 624 3.
257 573 377 624 Domine
386 571 462 631 lesu,
473 572 539 638 quia
549 576 626 621 arcta
637 577 679 620 est
689 571 804 620 vitatus
818 579 847 620 et
857 571 963 621 mundo

165 658 310 724 despecta,
326 655 400 707 dona
413 653 480 705 mihi
489 661 518 706 te
529 669 589 706 eum
599 653 693 728 mundi
703 654 837 720 despectu
846 654 962 706 imitari.

162 741 235 793 Non
261 741 347 791 enim
370 739 480 805 major
503 742 555 789 est
576 753 696 790 sersus
720 736 856 792 domino
886 753 963 801 suo,

163 841 225 890 nee
244 823 435 889 discipulus
454 836 555 889 supra
573 821 785 889 magistrum.
823 822 963 876 Exercea-

163 916 208 960 tur
218 923 313 960 servus
322 914 386 958 tuus
395 907 490 957 inrita
499 915 560 968 tua,
577 907 642 974 quia
655 907 695 958 ibi
711 911 754 960 est
767 905 844 958 salus
857 923 924 960 mea
936 915 964 960 et

164 993 296 1044 sanctitas
311 1005 386 1044 vara.
423 989 562 1058 Quidquid
573 995 652 1042 extra
662 1003 723 1042 sam
732 989 798 1058 lego
808 990 854 1044 vel
866 978 962 1057 audio,

162 1093 217 1130 non
227 1091 272 1130 mo
280 1083 392 1130 reoreat
400 1090 452 1128 aso
461 1073 583 1128 delectat
595 1073 685 1141 plene.

213 1175 237 1226 i.
257 1172 326 1236 Fili,
346 1172 411 1240 quia
428 1169 498 1226 baec
516 1169 571 1221 sois
586 1175 615 1220 et
629 1168 721 1236 legisti
736 1149 844 1232 duania,
861 1170 961 1224 boatus

162 1260 231 1321 eris,
251 1259 276 1308 si
294 1255 395 1308 soceris
411 1268 454 1306 oa.
490 1253 553 1315 Qui
577 1251 681 1304 babet
702 1249 868 1305 mandata
890 1270 962 1308 mea

162 1349 195 1393 et
217 1346 332 1394 servat
355 1355 407 1402 ea,
435 1340 509 1406 ipse
534 1345 586 1390 est
609 1337 664 1404 q'ui
688 1335 811 1404 diligit
833 1354 898 1403 me,
929 1347 960 1392 et

162 1441 225 1493 ego
258 1425 401 1491 diligam
431 1435 502 1474 oum
531 1430 563 1472 ot
588 1420 823 1473 manifestabo
852 1424 885 1474 ei
911 1439 958 1475 me

161 1513 282 1575 ipsum,
301 1505 445 1560 etfaciam
461 1517 524 1558 sum
539 1505 691 1557 consedere
706 1520 813 1558 mooum
828 1507 857 1558 in
871 1521 957 1575 regno

161 1592 323 1660 pauismoi.
466 1645 468 1661 Ι

213 1676 238 1726 5.
256 1674 376 1727 Domine
390 1673 471 1738 Jesu,
491 1673 563 1725 siout
576 1672 671 1725 dixisti
690 1681 718 1726 et
733 1675 900 1742 promisisti,
919 1678 957 1729 sio

135 1789 137 1800 =
162 1763 259 1828 utiquo
273 1759 323 1811 fiat
341 1768 368 1810 ot
386 1757 453 1810 mihi
471 1759 626 1825 promereri
645 1759 796 1826 contingat.
833 1759 956 1828 Suscepi,

163 1846 273 1912 suscepi
288 1843 322 1896 do
337 1858 419 1896 mauu
432 1850 481 1894 tua
500 1857 622 1906 cmoem3
645 1844 778 1910 portabo,
799 1849 827 1894 et
838 1845 955 1911 portabo

162 1945 225 1982 eam
234 1928 511 1998 nequamneuam,
525 1929 597 1980 siout
605 1928 764 1994 imposuisti
772 1927 849 1979 mihi.
884 1930 955 1982 Vero

162 2017 220 2065 vita
233 2015 299 2066 boni
314 2011 441 2064 monaehi
457 2027 525 2064 crux
539 2017 596 2074 est,
614 2011 663 2064 sed
679 2011 735 2062 dux
749 2010 881 2078 paradisi.
916 2015 955 2065 ln·

164 2107 273 2166 ceptum
292 2104 348 2162 est,
365 2103 442 2148 retro
462 2096 539 2147 abire
560 2111 614 2146 non
633 2095 712 2158 licet,
732 2111 783 2148 nso
800 2097 954 2166 relinquero

163 2189 283 2250 oportet.

212 2269 237 2320 d.
256 2268 309 2319 Eia
318 2265 434 2326 naues,
449 2277 597 2333 pergamus
606 2264 702 2328 simul,
712 2264 792 2317 Jesus
803 2267 953 2319 otitnobis·

162 2368 232 2405 oum.
268 2352 387 2418 Propter
395 2351 489 2402 Josum
499 2350 668 2416 suseepimus
679 2347 749 2401 hano
759 2365 951 2418 emeem3pro.

161 2445 223 2503 pter
240 2437 335 2488 desum
352 2449 561 2501 perseveremus
584 2435 612 2484 in
636 2448 727 2486 oruoe.
762 2433 823 2490 Erit
845 2433 958 2501 adjutos-

158 2527 268 2581 uoster‚
288 2520 334 2586 qui
354 2525 397 2570 est
415 2519 470 2571 dux
488 2521 584 2571 noster
600 2523 628 2570 et
641 2531 814 2585 praecessor.
851 2520 890 2571 En
904 2533 950 2572 rex

158 2609 255 2697 nostpr
268 2602 422 2668 ingreditur
435 2608 499 2664 ante
514 2618 579 2664 nos,
595 2603 642 2670 qui
651 2603 786 2670 pugnabit
797 2618 850 2671 pro
863 2605 949 2656 nobis.

214 2749 704 2820 ammmm-smmmm
