2056 3062
173 143 220 234 6²¹
420 173 753 243 DE‘tnssantuNE'·
805 196 807 208 ·

171 297 399 350 satiatentiunea.
434 298 511 348 Bene
525 309 635 362 semper
647 308 731 362 agere
744 293 941 346 etmedicum
952 295 986 347 de

172 397 201 433 ae
216 387 310 432 tenere
325 378 435 432 humilia
451 381 559 433 animae
573 379 704 430 indicium
719 383 770 440 eat.
805 377 900 430 Nolle
917 394 985 432 con·

171 464 259 516 solari
268 463 302 514 ab
314 464 407 532 eliqua
417 469 666 530 creauuamagnae
671 461 799 529 puritatis
806 467 837 513 et
844 462 985 514 internae

170 545 410 615 fiduciae‘signum
421 553 472 598 eat.

208 631 247 690 ⁸4.
267 631 322 694 Qui
339 631 445 684 nullum
468 632 637 686 extrinsecus
661 633 712 697 pru
732 645 765 682 ae
780 629 983 682 testimonium

174 715 386 783 quaerit,liquet
395 714 469 781 quod
478 715 603 768 totaliter
612 715 866 767 aeDeocommieit.
907 714 983 766 Nun

174 799 274 860 enim,
298 799 355 864 qui
373 813 408 852 ae
431 799 540 865 ipsum
564 799 789 861 commendat,
813 797 883 850 ille
902 813 981 865 pro·

174 883 274 934 batua
303 886 369 944 eet,
407 883 448 933 ait
473 882 506 934 B.
526 883 643 946 Paulus,
671 881 729 934 aed
757 895 855 949 quem
885 883 980 936 Deua

99 997 101 1006 ι
176 965 392 1018 commendat.
422 965 874 1029 AmbularecumDecintua,nec
883 967 981 1037 aliqua

176 1047 324 1110 affectione
333 1051 421 1108 teneri
432 1050 501 1111 furia
511 1056 600 1102 status
611 1054 653 1105 eat
661 1050 762 1106 interni
770 1047 906 1110 henneis.

474 1307 671 1348 -φὼο-ν-

438 1560 596 1622 CAPUT
632 1565 710 1620 vn.
812 1615 815 1624 .

350 1679 393 1732 De
410 1695 501 1732 umere
520 1679 584 1732 Jeru
602 1699 680 1750 cuper
699 1685 796 1734 omniu.
897 1705 901 1713 ·

187 1919 191 1924 ᾖ
225 1843 250 1896 l.
268 1821 391 1905 Beatus,
401 1841 449 1909 qui
461 1841 601 1910 intelligit,
613 1842 678 1922 quid
688 1844 724 1894 ait
738 1859 832 1896 amare
841 1846 939 1897 lenum
950 1853 975 1898 et

178 1933 353 1982 contemnem
371 1943 404 1980 ae
419 1929 509 1997 ipsum
527 1939 641 1998 propter
657 1931 760 1982 lesum.
797 1933 919 1998 Oportet
937 1933 973 1984 di·

86 2040 90 2046 ·
176 2015 277 2067 lectum
291 2029 341 2080 pru
357 2012 459 2066 dilecto
473 2016 644 2084 relinquere,
660 2015 724 2082 quia
733 2015 814 2066 Jesus
824 2016 883 2067 vult
897 2017 971 2068 solua

177 2113 260 2165 super
270 2097 363 2148 emnia
372 2099 467 2149 amari.
501 2097 623 2151 Dilectlo
639 2105 783 2150 creaturae
799 2099 888 2150 fallax
897 2106 927 2151 et
935 2102 971 2151 in·

125 2235 146 2253 ·.
177 2181 298 2242 stabilia,
314 2180 427 2233 dilectio
441 2181 508 2234 Jeau
517 2181 607 2233 fidelia
622 2189 652 2234 et
660 2179 883 2248 perseverabilis.
920 2183 969 2246 Qui

177 2261 311 2315 adhaeret
320 2270 472 2328 creaturae,
484 2265 565 2317 cadat
574 2281 634 2316 cum
644 2265 735 2330 labili,
743 2268 788 2333 qui
800 2266 971 2332 amplectitur

176 2349 279 2409 lesum,
298 2349 451 2400 firmabitur
464 2351 493 2399 in
508 2361 613 2398 aevum.
647 2349 728 2400 illum
748 2350 847 2417 dilige,
868 2355 895 2402 et
904 2351 969 2400 arni-

179 2445 240 2482 cum
249 2431 301 2482 tibi
309 2433 412 2493 retine,
429 2431 475 2497 qui
485 2430 611 2482 omnibus
622 2433 816 2484 recedentibus
826 2439 854 2484 te
864 2449 917 2484 non
926 2449 968 2486 re·

176 2512 295 2582 linquet,
318 2529 370 2566 nec
388 2513 508 2578 patietur
524 2514 553 2562 in
571 2514 624 2564 fine
643 2517 743 2579 perire.
787 2515 828 2568 Ab
847 2518 967 2569 omnibus

177 2603 290 2663 eportet
298 2603 327 2647 te
338 2593 486 2660 aliquande
497 2586 629 2662 separari,
640 2598 786 2663 riverolis,
797 2600 854 2652 sive
864 2601 943 2654 nulia.

174 2772 180 2786 ,
230 2732 251 2767 ⁴.
264 2731 278 2767 2
296 2725 346 2766 Cor.
356 2728 388 2772 to,
397 2728 428 2766 18.
