2076 3066
229 202 387 250 ciiiils'rl
420 202 486 248 Lis.
503 203 523 248 Ι,
542 203 615 248 cas.
634 201 657 246 7
668 203 692 247 8.
827 197 859 248 13

57 295 173 382 humili,
192 319 221 368 in
235 317 319 370 corde
335 323 427 370 autem
441 305 552 398 superbi
567 316 645 369 zelus
660 322 688 368 et
706 315 859 384 indignatio
897 366 900 375 ,

57 402 206 471 frequens.

368 604 561 644 -ιιιαο-ἀ-

321 844 477 936 onrur
517 844 613 900 vui.
698 805 702 814 ’

216 961 260 1014 De
281 962 400 1013 cavenda
418 963 500 1014 nimia
512 962 716 1031 familiaritate.

119 1125 144 1172 1.
162 1101 244 1174 Nou
263 1122 349 1171 omni
373 1118 504 1171 homini
526 1119 661 1170 reveles
686 1101 744 1171 cor
760 1125 864 1185 tuum,

41 1225 45 1232 «
68 1204 120 1256 sed
127 1218 188 1256 oum
194 1201 319 1270 sapiente
330 1208 358 1254 et
366 1200 575 1253 timenteDeum
586 1215 639 1270 age
646 1213 772 1253 caussam
780 1206 865 1252 tuam

68 1286 632 1356 eumjuveninusetextraneisnatusesto.
661 1286 865 1338 Cumdiritilrus
962 1311 966 1315 ·

68 1371 129 1424 noli
141 1371 262 1424 blandiri
276 1377 305 1423 et
319 1371 413 1423 coram
427 1371 601 1439 magnatibus
616 1387 671 1423 non
682 1371 805 1424 libenter
818 1387 865 1441 up·
904 1393 909 1404 ·

67 1472 177 1525 pareas.
213 1458 282 1508 Cum
292 1454 439 1508 humilibus
450 1461 478 1508 et
487 1455 670 1523 simplicibus,
685 1471 747 1508 oum
757 1456 865 1509 devotis

69 1547 98 1594 et
110 1542 287 1610 morigeratis
306 1543 429 1603 sociare,
449 1545 477 1592 et
491 1555 561 1607 quae
576 1540 778 1593 aedificationis
790 1543 865 1603 tuot,

68 1632 217 1693 pertracta.
253 1623 316 1676 Non
326 1625 364 1676 sis
380 1623 526 1675 familiaris
542 1623 625 1677 alicui
639 1625 761 1688 mulieri,
777 1623 866 1676 sedin

71 1710 208 1760 communi
231 1723 325 1760 omnes
348 1708 435 1759 bonas
458 1708 589 1760 mulieres
606 1709 669 1760 Deo
694 1707 864 1760 commenda.

72 1793 133 1847 Soli
155 1793 216 1844 Deo
232 1798 266 1844 net
282 1790 394 1859 Angelis
418 1792 478 1858 ejus
503 1798 568 1859 opta
586 1791 733 1844 familiaris
757 1807 818 1845 esse
838 1797 866 1842 et

71 1873 209 1928 hominum
218 1876 345 1926 notitiam
355 1875 455 1938 devita.

120 1961 144 2011 2.
164 1961 272 2013 caritas
283 1957 411 2010 habendo
421 1966 464 2010 ost
473 1960 509 2011 ad
519 1960 680 2024 omnes,sed
690 1958 865 2010 familiaritas

72 2059 125 2103 oon
136 2042 255 2110 expedit.
293 2042 465 2109 Quandoque
476 2044 590 2106 accidit,
600 2051 632 2094 ut
639 2042 866 2111 personaignota

73 2126 865 2194 exbonafomalucescat,cujustamenpraoseutiaoeulos

72 2212 233 2264 intuentium
248 2209 375 2263 offuscat.
411 2211 542 2263 Putamus
558 2209 706 2278 aliquando
726 2209 788 2262 aliis
807 2212 865 2278 pla·

75 2309 136 2346 cere
159 2310 194 2346 ex
218 2295 410 2361 conjunctione
430 2301 538 2358 nostra,
564 2300 592 2346 et
608 2294 753 2360 incipimus
776 2297 865 2362 magis

75 2379 217 2444 displicere
238 2393 272 2430 ex
291 2387 401 2429 'morum
424 2379 602 2447 improbitate
617 2379 649 2429 in
673 2379 753 2430 nobis
777 2380 865 2432 consi-

75 2463 176 2512 derata.
351 2457 356 2465 “

125 2597 142 2634 l.
152 2591 280 2664 Ecclesiam.
290 2599 310 2642 8,
318 2598 352 2636 22.

309 2806 314 2818 ς
371 2771 566 2799 ψ
