2072 3068
682 105 694 134 θ

68 205 80 246 ·,
185 184 235 236 tio
423 185 474 232 uu
496 183 738 232 intencione

185 315 267 369 quum
281 301 397 367 sibiipsi
411 299 570 352 confidenti.
604 299 686 352 Multi
694 298 945 366 multaloquuntur
956 305 986 354 et

183 386 249 438 ideo
258 400 344 453 perse
351 384 420 436 tides
431 390 474 436 est
483 383 647 436 adhibenda.
667 382 723 436 Sed
733 387 762 434 et
771 385 900 437 omnibus
911 387 983 437 sutis

185 483 312 522 essenon
321 469 515 536 estpossibile.
549 468 611 520 Etsi
619 467 722 518 Paulus
732 467 858 520 omnibus
871 469 984 520 studuit

183 556 213 605 in
231 554 351 607 Domino
369 554 482 622 plecere
502 558 530 604 et
551 552 705 604 omnibus
728 553 849 602 omniu*
862 551 982 605 iectus

185 642 249 690 este
267 639 455 690 tamenetiem
468 652 527 704 pro
545 637 681 688 minimo
702 635 809 698 duxit,
829 635 921 712 quod
941 636 982 688 eb

183 720 326 776 humano
345 721 401 775 die
416 719 686 790 judicetusinit.

127 795 132 801 ’
232 807 258 856 2.
276 807 343 873 Egit
355 807 423 874 setis
432 821 484 873 pre
499 803 825 857 eliorumeedineetions
837 805 979 868 aselute,

183 895 315 956 quantum
332 891 361 940 in
379 905 410 942 se
425 896 486 942 eret
500 895 529 942 et
540 895 665 957 poteret3
682 888 782 941 sedne
796 888 832 939 eb
846 889 912 940 auis
927 889 979 940 aii-

104 963 106 966 ’
183 974 293 1041 quaudo
305 974 478 1041 judicaretur
491 973 537 1026 vei
549 987 605 1026 non
620 971 823 1038 despiceretur,
842 970 977 1024 cohibere

181 1070 236 1109 non
249 1061 349 1126 potuit.
383 1060 451 1112 Ideo
470 1063 559 1110 totum
573 1058 634 1110 Deo
654 1057 805 1120 commisit,
824 1057 873 1124 qui
887 1061 980 1108 totum

125 1183 127 1190 .
179 1139 979 1211 noveret‚etpetientieeehuniilitetccontueoreloquen·

181 1229 249 1280 tium
258 1229 354 1296 inique
363 1229 505 1280 autetiam
514 1242 586 1279 vene
599 1243 633 1279 ec
645 1225 780 1278 mendose
794 1225 979 1292 cogitantium

183 1317 266 1378 etque
276 1326 326 1377 pro
336 1311 417 1363 libitu
426 1327 477 1362 suo
488 1325 614 1379 quaeque
621 1310 785 1378 jactantium
799 1325 830 1362 se
840 1303 977 1362 defendit.

182 1394 335 1460 Respondit
347 1401 440 1446 temen
453 1396 603 1457 interdum,
617 1410 653 1446 ne
667 1394 781 1445 infirmis
796 1407 831 1446 ex
844 1408 897 1446 sue
905 1396 975 1446 teci·

85 1483 98 1502 ·“
181 1479 313 1529 tornitote
323 1483 504 1544 generaretur
513 1478 681 1530 scandalum.

230 1560 254 1612 3.
273 1562 356 1622 Quis
382 1567 432 1623 tu,
460 1567 497 1612 ut
518 1563 640 1614 timeus
668 1563 847 1617 amortali
872 1561 975 1616 homi-

181 1643 236 1695 nei
270 1644 363 1696 Hodie
373 1651 424 1708 est,
436 1651 464 1697 et
474 1661 534 1697 cras
543 1661 599 1697 non
609 1652 759 1712 comperet.
794 1647 973 1711 munitione,

180 1736 208 1781 et
223 1729 361 1781 hominum
375 1736 497 1783 terrores
511 1746 567 1783 non
580 1743 755 1798 expavesces.
792 1731 975 1798 Quidpotest

179 1815 279 1884 aliquis
293 1817 321 1867 iu
339 1821 368 1867 te
385 1817 476 1868 verbis
496 1823 544 1868 aut
561 1811 686 1883 injutiisi
705 1813 765 1866 Sibi
776 1816 870 1881 potius
888 1823 973 1868 nocet

178 1915 260 1968 quem
273 1901 338 1963 tibi,
357 1916 409 1953 neo
421 1903 525 1967 poterit
536 1900 670 1968 judicium
684 1899 739 1951 Dei
754 1898 891 1968 effligere,
911 1903 970 1968 qui-

178 2001 283 2054 cunque
298 1985 405 2037 estille.
441 1983 485 2038 'i'u
494 1983 566 2036 habe
575 1986 665 2036 Deum
674 1997 742 2049 prae
752 1984 854 2047 onidis,
869 1991 899 2036 et
911 1987 970 2037 noli

177 2069 344 2122 contendere
353 2069 445 2120 verbis
455 2069 619 2136 querulosis.
656 2066 738 2128 Quod
752 2069 777 2119 si
791 2069 968 2137 adpraesens

176 2154 313 2205 tuvideris
323 2142 499 2204 succumbere
510 2158 539 2202 et
548 2152 739 2204 confusionem
749 2151 815 2218 peti,
823 2165 904 2219 quam
913 2169 969 2204 uon

175 2237 311 2288 mernisti=
332 2251 366 2287 ne
381 2236 532 2304 indigneris
548 2250 583 2286 ex
596 2232 650 2287 hoc
663 2249 753 2303 neque
765 2237 968 2304 perimpetien·

175 2321 242 2370 tiens
251 2321 359 2370 minuas
368 2333 500 2371 coronam
508 2319 650 2382 tuem,sed
659 2319 695 2372 ad
704 2333 749 2372 ine
757 2321 850 2386 potius
859 2321 967 2387 respice

174 2403 202 2453 in
213 2402 329 2465 eoelum,
336 2403 383 2469 qni
392 2408 491 2470 potens
500 2418 560 2456 som
565 2405 714 2470 eripereeb
721 2403 796 2458 omni
802 2403 966 2460 contusione

176 2487 962 2557 etinjuriuetunicuiquereddetesecundumopetatuu·

173 2576 496 2596 Μ

231 2621 250 2658 1.
267 2615 387 2663 scoriate.
397 2621 418 2672 e,
428 2625 462 2664 ui.
491 2605 589 2672 idue
603 2646 632 2656 -
659 2625 680 2665 e.
696 2592 744 2666 J'es.
756 2626 790 2675 ei,
801 2626 835 2668 12.

473 2751 670 2782 w
