<?xml version="1.0" encoding="UTF-8"?>
<!DOCTYPE html PUBLIC "-//W3C//DTD XHTML 1.0 Transitional//EN"
    "http://www.w3.org/TR/xhtml1/DTD/xhtml1-transitional.dtd">
<html xmlns="http://www.w3.org/1999/xhtml" xml:lang="en" lang="en">
 <head>
  <title>
</title>
<meta http-equiv="Content-Type" content="text/html;charset=utf-8" />
  <meta name='ocr-system' content='tesseract 3.04.00' />
  <meta name='ocr-capabilities' content='ocr_page ocr_carea ocr_par ocr_line ocrx_word'/>
</head>
<body>
  <div class='ocr_page' id='page_1' title='image "./thomaeakempisde00unkngoog_0216.png"; bbox 0 0 2080 3058; ppageno 0'>
   <div class='ocr_carea' id='block_1_1' title="bbox 169 157 715 204">
    <p class='ocr_par' dir='ltr' id='par_1_1' title="bbox 169 157 715 204">
     <span class='ocr_line' id='line_1_1' title="bbox 169 157 715 204; baseline -0.002 0"><span class='ocrx_word' id='word_1_1' title='bbox 169 157 218 204; x_wconf 70' lang='lat' dir='ltr'><strong>boo</strong></span> <span class='ocrx_word' id='word_1_2' title='bbox 407 157 457 204; x_wconf 80' lang='lat' dir='ltr'><strong>DE</strong></span> <span class='ocrx_word' id='word_1_3' title='bbox 475 157 715 204; x_wconf 65' lang='lat' dir='ltr'><strong>MUTATIONE</strong></span> 
     </span>
    </p>
   </div>
   <div class='ocr_carea' id='block_1_2' title="bbox 59 271 964 339">
    <p class='ocr_par' dir='ltr' id='par_1_2' title="bbox 59 271 964 339">
     <span class='ocr_line' id='line_1_2' title="bbox 59 271 964 339; baseline -0.001 -16"><span class='ocrx_word' id='word_1_4' title='bbox 59 283 63 290; x_wconf 83' lang='lat'>·</span> <span class='ocrx_word' id='word_1_5' title='bbox 168 271 224 323; x_wconf 84' lang='lat' dir='ltr'><strong>Sed</strong></span> <span class='ocrx_word' id='word_1_6' title='bbox 234 272 294 339; x_wconf 82' lang='lat' dir='ltr'><strong>quia</strong></span> <span class='ocrx_word' id='word_1_7' title='bbox 305 287 358 338; x_wconf 86' lang='lat' dir='ltr'><strong>ego</strong></span> <span class='ocrx_word' id='word_1_8' title='bbox 368 288 443 334; x_wconf 80' lang='lat' dir='ltr'><strong>aum,</strong></span> <span class='ocrx_word' id='word_1_9' title='bbox 453 273 586 335; x_wconf 86' lang='lat' dir='ltr'><strong>Domine,</strong></span> <span class='ocrx_word' id='word_1_10' title='bbox 601 277 632 322; x_wconf 84' lang='lat' dir='ltr'><strong>ut</strong></span> <span class='ocrx_word' id='word_1_11' title='bbox 645 271 681 322; x_wconf 88' lang='lat' dir='ltr'><strong>ad</strong></span> <span class='ocrx_word' id='word_1_12' title='bbox 690 277 718 322; x_wconf 83' lang='lat' dir='ltr'><strong>te</strong></span> <span class='ocrx_word' id='word_1_13' title='bbox 729 285 907 337; x_wconf 77' lang='lat' dir='ltr'><strong>praesumam</strong></span> <span class='ocrx_word' id='word_1_14' title='bbox 917 285 964 322; x_wconf 81' lang='lat' dir='ltr'><strong>ac-</strong></span> 
     </span>
    </p>
   </div>
   <div class='ocr_carea' id='block_1_3' title="bbox 167 352 961 505">
    <p class='ocr_par' dir='ltr' id='par_1_3' title="bbox 167 352 961 505">
     <span class='ocr_line' id='line_1_3' title="bbox 167 352 961 418; baseline -0.003 -12"><span class='ocrx_word' id='word_1_15' title='bbox 167 352 283 408; x_wconf 73' lang='lat' dir='ltr'><strong>cederet</strong></span> <span class='ocrx_word' id='word_1_16' title='bbox 316 356 416 418; x_wconf 82' lang='lat' dir='ltr'><strong>Eece,</strong></span> <span class='ocrx_word' id='word_1_17' title='bbox 445 355 535 407; x_wconf 85' lang='lat' dir='ltr'><strong>coeli</strong></span> <span class='ocrx_word' id='word_1_18' title='bbox 562 356 736 406; x_wconf 86' lang='lat' dir='ltr'><strong>coelorum</strong></span> <span class='ocrx_word' id='word_1_19' title='bbox 757 364 790 416; x_wconf 77' lang='lat' dir='ltr'><strong>te</strong></span> <span class='ocrx_word' id='word_1_20' title='bbox 817 371 883 405; x_wconf 90' lang='lat' dir='ltr'><strong>non</strong></span> <span class='ocrx_word' id='word_1_21' title='bbox 913 370 961 406; x_wconf 85' lang='lat' dir='ltr'><strong>ca·</strong></span> 
     </span>
     <span class='ocr_line' id='line_1_4' title="bbox 167 438 874 505; baseline 0.001 -17"><span class='ocrx_word' id='word_1_22' title='bbox 167 440 275 505; x_wconf 87' lang='lat' dir='ltr'><strong>piunt:</strong></span> <span class='ocrx_word' id='word_1_23' title='bbox 297 439 455 492; x_wconf 81' lang='lat' dir='ltr'><strong>ettudicis:</strong></span> <span class='ocrx_word' id='word_1_24' title='bbox 486 438 606 492; x_wconf 88' lang='lat' dir='ltr'><strong>Venite</strong></span> <span class='ocrx_word' id='word_1_25' title='bbox 625 438 731 490; x_wconf 83' lang='lat' dir='ltr'><strong>adme</strong></span> <span class='ocrx_word' id='word_1_26' title='bbox 752 452 874 490; x_wconf 84' lang='lat' dir='ltr'><strong>omnes.</strong></span> 
     </span>
    </p>
   </div>
   <div class='ocr_carea' id='block_1_4' title="bbox 105 532 1028 2614">
    <p class='ocr_par' dir='ltr' id='par_1_4' title="bbox 105 532 963 1271">
     <span class='ocr_line' id='line_1_5' title="bbox 215 532 962 599; baseline -0.004 -13"><span class='ocrx_word' id='word_1_27' title='bbox 215 535 240 586; x_wconf 80' lang='grc'><strong>3.</strong></span> <span class='ocrx_word' id='word_1_28' title='bbox 260 534 333 596; x_wconf 77' lang='lat' dir='ltr'><strong>Quid</strong></span> <span class='ocrx_word' id='word_1_29' title='bbox 352 533 405 584; x_wconf 79' lang='lat' dir='ltr'><strong>eibi</strong></span> <span class='ocrx_word' id='word_1_30' title='bbox 423 533 482 582; x_wconf 82' lang='lat' dir='ltr'><strong>vult</strong></span> <span class='ocrx_word' id='word_1_31' title='bbox 499 533 554 582; x_wconf 77' lang='lat' dir='ltr'><strong>iata</strong></span> <span class='ocrx_word' id='word_1_32' title='bbox 571 534 696 596; x_wconf 81' lang='lat' dir='ltr'><strong>piissime</strong></span> <span class='ocrx_word' id='word_1_33' title='bbox 715 532 838 599; x_wconf 82' lang='lat' dir='ltr'><strong>dignatio</strong></span> <span class='ocrx_word' id='word_1_34' title='bbox 859 538 962 584; x_wconf 79' lang='lat' dir='ltr'><strong>ettam</strong></span> 
     </span>
     <span class='ocr_line' id='line_1_6' title="bbox 168 613 961 678; baseline 0 -10"><span class='ocrx_word' id='word_1_35' title='bbox 168 619 320 670; x_wconf 78' lang='lat' dir='ltr'><strong>annicabiiin</strong></span> <span class='ocrx_word' id='word_1_36' title='bbox 338 613 481 668; x_wconf 74' lang='lat' dir='ltr'><strong>invitatioi</strong></span> <span class='ocrx_word' id='word_1_37' title='bbox 516 613 663 677; x_wconf 80' lang='lat' dir='ltr'><strong>Quomodo</strong></span> <span class='ocrx_word' id='word_1_38' title='bbox 684 631 767 666; x_wconf 78' lang='lat' dir='ltr'><strong>ausus</strong></span> <span class='ocrx_word' id='word_1_39' title='bbox 781 617 835 666; x_wconf 83' lang='lat' dir='ltr'><strong>&#39;aro</strong></span> <span class='ocrx_word' id='word_1_40' title='bbox 854 617 961 678; x_wconf 81' lang='lat' dir='ltr'><strong>venire,</strong></span> 
     </span>
     <span class='ocr_line' id='line_1_7' title="bbox 168 698 961 769; baseline -0.001 -17"><span class='ocrx_word' id='word_1_41' title='bbox 168 703 213 769; x_wconf 90' lang='lat' dir='ltr'><strong>qui</strong></span> <span class='ocrx_word' id='word_1_42' title='bbox 223 701 290 752; x_wconf 92' lang='lat' dir='ltr'><strong>nibil</strong></span> <span class='ocrx_word' id='word_1_43' title='bbox 300 702 366 753; x_wconf 88' lang='lat' dir='ltr'><strong>boni</strong></span> <span class='ocrx_word' id='word_1_44' title='bbox 376 699 441 751; x_wconf 85' lang='lat' dir='ltr'><strong>mibi</strong></span> <span class='ocrx_word' id='word_1_45' title='bbox 453 701 579 752; x_wconf 77' lang='lat' dir='ltr'><strong>conscius</strong></span> <span class='ocrx_word' id='word_1_46' title='bbox 594 714 667 762; x_wconf 81' lang='lat' dir='ltr'><strong>eum,</strong></span> <span class='ocrx_word' id='word_1_47' title='bbox 683 698 756 751; x_wconf 87' lang='lat' dir='ltr'><strong>unde</strong></span> <span class='ocrx_word' id='word_1_48' title='bbox 766 701 871 765; x_wconf 75' lang='lat' dir='ltr'><strong>possim</strong></span> <span class='ocrx_word' id='word_1_49' title='bbox 880 714 961 766; x_wconf 82' lang='lat' dir='ltr'><strong>prae-</strong></span> 
     </span>
     <span class='ocr_line' id='line_1_8' title="bbox 140 782 961 848; baseline -0.002 -12"><span class='ocrx_word' id='word_1_50' title='bbox 140 839 145 848; x_wconf 74' lang='lat'><em>,</em></span> <span class='ocrx_word' id='word_1_51' title='bbox 166 783 291 836; x_wconf 81' lang='lat' dir='ltr'><strong>aumerei</strong></span> <span class='ocrx_word' id='word_1_52' title='bbox 325 784 472 845; x_wconf 76' lang='lat' dir='ltr'><strong>Quomodo</strong></span> <span class='ocrx_word' id='word_1_53' title='bbox 482 790 510 836; x_wconf 90' lang='lat' dir='ltr'><strong>te</strong></span> <span class='ocrx_word' id='word_1_54' title='bbox 520 782 692 834; x_wconf 85' lang='lat' dir='ltr'><strong>introducam</strong></span> <span class='ocrx_word' id='word_1_55' title='bbox 702 785 729 832; x_wconf 95' lang='lat' dir='ltr'><strong>in</strong></span> <span class='ocrx_word' id='word_1_56' title='bbox 741 782 851 834; x_wconf 88' lang='lat' dir='ltr'><strong>domum</strong></span> <span class='ocrx_word' id='word_1_57' title='bbox 860 797 961 846; x_wconf 86' lang='lat' dir='ltr'><strong>meam,</strong></span> 
     </span>
     <span class='ocr_line' id='line_1_9' title="bbox 167 855 960 940; baseline -0.003 -22"><span class='ocrx_word' id='word_1_58' title='bbox 167 869 213 935; x_wconf 78' lang='lat' dir='ltr'><strong>qui</strong></span> <span class='ocrx_word' id='word_1_59' title='bbox 235 855 347 934; x_wconf 79' lang='lat' dir='ltr'><strong>aa&#39;epiua</strong></span> <span class='ocrx_word' id='word_1_60' title='bbox 373 866 478 919; x_wconf 83' lang='lat' dir='ltr'><strong>offendi</strong></span> <span class='ocrx_word' id='word_1_61' title='bbox 499 868 724 935; x_wconf 79' lang='lat' dir='ltr'><strong>benignissimam</strong></span> <span class='ocrx_word' id='word_1_62' title='bbox 743 866 844 940; x_wconf 81' lang='lat' dir='ltr'><strong>facicm</strong></span> <span class='ocrx_word' id='word_1_63' title='bbox 867 865 960 917; x_wconf 67' lang='lat' dir='ltr'><strong>tuam!</strong></span> 
     </span>
     <span class='ocr_line' id='line_1_10' title="bbox 166 950 963 1019; baseline -0.003 -15"><span class='ocrx_word' id='word_1_64' title='bbox 166 954 336 1004; x_wconf 76' lang='lat' dir='ltr'>Revereatur</span> <span class='ocrx_word' id='word_1_65' title='bbox 345 952 443 1019; x_wconf 78' lang='lat' dir='ltr'><strong>Angeli</strong></span> <span class='ocrx_word' id='word_1_66' title='bbox 457 958 486 1003; x_wconf 89' lang='lat' dir='ltr'><strong>et</strong></span> <span class='ocrx_word' id='word_1_67' title='bbox 494 950 674 1019; x_wconf 79' lang='lat' dir='ltr'><strong>Archangeli,</strong></span> <span class='ocrx_word' id='word_1_68' title='bbox 688 951 917 1004; x_wconf 76' lang='lat' dir='ltr'><strong>metuuntaancti</strong></span> <span class='ocrx_word' id='word_1_69' title='bbox 933 957 963 1002; x_wconf 86' lang='lat' dir='ltr'><strong>et</strong></span> 
     </span>
     <span class='ocr_line' id='line_1_11' title="bbox 163 1032 961 1103; baseline 0 -16"><span class='ocrx_word' id='word_1_70' title='bbox 163 1037 244 1103; x_wconf 77' lang='lat' dir='ltr'><strong>jueti3</strong></span> <span class='ocrx_word' id='word_1_71' title='bbox 264 1043 292 1089; x_wconf 91' lang='lat' dir='ltr'><strong>et</strong></span> <span class='ocrx_word' id='word_1_72' title='bbox 305 1043 336 1088; x_wconf 94' lang='lat' dir='ltr'><strong>tu</strong></span> <span class='ocrx_word' id='word_1_73' title='bbox 351 1037 432 1088; x_wconf 80' lang='lat' dir='ltr'><strong>dicis:</strong></span> <span class='ocrx_word' id='word_1_74' title='bbox 461 1037 583 1090; x_wconf 87' lang='lat' dir='ltr'><strong>Venite</strong></span> <span class='ocrx_word' id='word_1_75' title='bbox 607 1034 647 1085; x_wconf 94' lang='lat' dir='ltr'><strong>ad</strong></span> <span class='ocrx_word' id='word_1_76' title='bbox 665 1048 714 1085; x_wconf 90' lang='lat' dir='ltr'><strong>ma</strong></span> <span class='ocrx_word' id='word_1_77' title='bbox 732 1032 864 1086; x_wconf 69' lang='lat' dir='ltr'><strong>omnent</strong></span> <span class='ocrx_word' id='word_1_78' title='bbox 897 1034 961 1088; x_wconf 79' lang='lat' dir='ltr'><strong>Nini</strong></span> 
     </span>
     <span class='ocr_line' id='line_1_12' title="bbox 165 1115 961 1186; baseline -0.001 -15"><span class='ocrx_word' id='word_1_79' title='bbox 165 1129 204 1184; x_wconf 86' lang='lat' dir='ltr'><strong>tu,</strong></span> <span class='ocrx_word' id='word_1_80' title='bbox 214 1122 344 1183; x_wconf 85' lang='lat' dir='ltr'><strong>Domine,</strong></span> <span class='ocrx_word' id='word_1_81' title='bbox 354 1120 408 1173; x_wconf 88' lang='lat' dir='ltr'><strong>boc</strong></span> <span class='ocrx_word' id='word_1_82' title='bbox 417 1121 539 1183; x_wconf 84' lang='lat' dir='ltr'><strong>dieerea,</strong></span> <span class='ocrx_word' id='word_1_83' title='bbox 555 1121 616 1186; x_wconf 82' lang='lat' dir='ltr'><strong>quia</strong></span> <span class='ocrx_word' id='word_1_84' title='bbox 629 1133 724 1170; x_wconf 84' lang='lat' dir='ltr'><strong>verum</strong></span> <span class='ocrx_word' id='word_1_85' title='bbox 739 1133 802 1170; x_wconf 79' lang='lat' dir='ltr'><strong>ensa</strong></span> <span class='ocrx_word' id='word_1_86' title='bbox 815 1115 961 1174; x_wconf 72' lang='lat' dir='ltr'><strong>crederet!</strong></span> 
     </span>
     <span class='ocr_line' id='line_1_13' title="bbox 105 1195 826 1271; baseline -0.003 -17"><span class='ocrx_word' id='word_1_87' title='bbox 105 1249 109 1262; x_wconf 84' lang='lat'><em>,</em></span> <span class='ocrx_word' id='word_1_88' title='bbox 166 1205 201 1255; x_wconf 78' lang='lat' dir='ltr'><strong>ut</strong></span> <span class='ocrx_word' id='word_1_89' title='bbox 210 1205 264 1255; x_wconf 76' lang='lat' dir='ltr'><strong>nisi</strong></span> <span class='ocrx_word' id='word_1_90' title='bbox 272 1211 303 1256; x_wconf 94' lang='lat' dir='ltr'><strong>tu</strong></span> <span class='ocrx_word' id='word_1_91' title='bbox 309 1206 432 1270; x_wconf 80' lang='lat' dir='ltr'><strong>jnberes,</strong></span> <span class='ocrx_word' id='word_1_92' title='bbox 444 1206 504 1271; x_wconf 77' lang='lat' dir='ltr'><strong>quis</strong></span> <span class='ocrx_word' id='word_1_93' title='bbox 515 1203 649 1256; x_wconf 83' lang='lat' dir='ltr'><strong>accedere</strong></span> <span class='ocrx_word' id='word_1_94' title='bbox 660 1195 826 1254; x_wconf 71' lang='lat' dir='ltr'><strong>attentarati</strong></span> 
     </span>
    </p>

    <p class='ocr_par' dir='ltr' id='par_1_5' title="bbox 116 1285 1028 1860">
     <span class='ocr_line' id='line_1_14' title="bbox 216 1285 961 1354; baseline 0 -16"><span class='ocrx_word' id='word_1_95' title='bbox 216 1288 240 1339; x_wconf 75' lang='lat' dir='ltr'><strong>t.</strong></span> <span class='ocrx_word' id='word_1_96' title='bbox 259 1289 340 1352; x_wconf 79' lang='lat' dir='ltr'><strong>Ecce,</strong></span> <span class='ocrx_word' id='word_1_97' title='bbox 351 1288 421 1351; x_wconf 74' lang='lat' dir='ltr'><strong>Noa,</strong></span> <span class='ocrx_word' id='word_1_98' title='bbox 432 1290 474 1339; x_wconf 81' lang='lat' dir='ltr'><strong>vir</strong></span> <span class='ocrx_word' id='word_1_99' title='bbox 480 1290 585 1354; x_wconf 74' lang='lat' dir='ltr'><strong>justus,</strong></span> <span class='ocrx_word' id='word_1_100' title='bbox 599 1288 628 1336; x_wconf 90' lang='lat' dir='ltr'><strong>in</strong></span> <span class='ocrx_word' id='word_1_101' title='bbox 640 1300 722 1338; x_wconf 73' lang='lat' dir='ltr'><strong>meae</strong></span> <span class='ocrx_word' id='word_1_102' title='bbox 732 1285 841 1338; x_wconf 78' lang='lat' dir='ltr'><strong>fabrice</strong></span> <span class='ocrx_word' id='word_1_103' title='bbox 850 1293 961 1341; x_wconf 84' lang='lat' dir='ltr'><strong>eentum</strong></span> 
     </span>
     <span class='ocr_line' id='line_1_15' title="bbox 166 1371 960 1440; baseline 0 -18"><span class='ocrx_word' id='word_1_104' title='bbox 166 1373 245 1423; x_wconf 80' lang='lat' dir='ltr'><strong>annin</strong></span> <span class='ocrx_word' id='word_1_105' title='bbox 258 1372 409 1434; x_wconf 78' lang='lat' dir='ltr'><strong>laboravit,</strong></span> <span class='ocrx_word' id='word_1_106' title='bbox 428 1377 460 1422; x_wconf 90' lang='lat' dir='ltr'><strong>ut</strong></span> <span class='ocrx_word' id='word_1_107' title='bbox 474 1372 644 1437; x_wconf 72' lang='lat' dir='ltr'><strong>campaneis</strong></span> <span class='ocrx_word' id='word_1_108' title='bbox 658 1371 825 1437; x_wconf 66' lang='lat' dir='ltr'><strong>columem:</strong></span> <span class='ocrx_word' id='word_1_109' title='bbox 848 1378 877 1422; x_wconf 88' lang='lat' dir='ltr'><strong>ct</strong></span> <span class='ocrx_word' id='word_1_110' title='bbox 895 1385 960 1440; x_wconf 76' lang='lat' dir='ltr'><strong>ego,</strong></span> 
     </span>
     <span class='ocr_line' id='line_1_16' title="bbox 166 1435 960 1522; baseline 0.003 -18"><span class='ocrx_word' id='word_1_111' title='bbox 166 1455 305 1520; x_wconf 87' lang='lat' dir='ltr'><strong>quomodo</strong></span> <span class='ocrx_word' id='word_1_112' title='bbox 315 1469 360 1506; x_wconf 87' lang='lat' dir='ltr'><strong>me</strong></span> <span class='ocrx_word' id='word_1_113' title='bbox 369 1459 467 1520; x_wconf 82' lang='lat' dir='ltr'><strong>potero</strong></span> <span class='ocrx_word' id='word_1_114' title='bbox 478 1469 533 1504; x_wconf 85' lang='lat' dir='ltr'><strong>nna</strong></span> <span class='ocrx_word' id='word_1_115' title='bbox 542 1453 612 1504; x_wconf 86' lang='lat' dir='ltr'><strong>hora</strong></span> <span class='ocrx_word' id='word_1_116' title='bbox 621 1435 804 1522; x_wconf 68' lang='lat' dir='ltr'><strong>praeparere,</strong></span> <span class='ocrx_word' id='word_1_117' title='bbox 820 1459 853 1505; x_wconf 91' lang='lat' dir='ltr'><strong>nt</strong></span> <span class='ocrx_word' id='word_1_118' title='bbox 865 1456 960 1506; x_wconf 87' lang='lat' dir='ltr'><strong>mundi</strong></span> 
     </span>
     <span class='ocr_line' id='line_1_17' title="bbox 166 1536 960 1606; baseline 0.004 -19"><span class='ocrx_word' id='word_1_119' title='bbox 166 1536 363 1588; x_wconf 71' lang='lat' dir='ltr'><strong>fabricatorem</strong></span> <span class='ocrx_word' id='word_1_120' title='bbox 381 1551 442 1588; x_wconf 87' lang='lat' dir='ltr'><strong>cum</strong></span> <span class='ocrx_word' id='word_1_121' title='bbox 454 1539 611 1588; x_wconf 81' lang='lat' dir='ltr'><strong>reverentie</strong></span> <span class='ocrx_word' id='word_1_122' title='bbox 625 1537 747 1590; x_wconf 80' lang='lat' dir='ltr'><strong>aumami</strong></span> <span class='ocrx_word' id='word_1_123' title='bbox 781 1539 907 1606; x_wconf 76' lang='lat' dir='ltr'><strong>Moyses,</strong></span> <span class='ocrx_word' id='word_1_124' title='bbox 918 1539 960 1591; x_wconf 82' lang='lat' dir='ltr'><strong>ia·</strong></span> 
     </span>
     <span class='ocr_line' id='line_1_18' title="bbox 166 1621 959 1688; baseline 0.006 -17"><span class='ocrx_word' id='word_1_125' title='bbox 166 1621 255 1672; x_wconf 77' lang='lat' dir='ltr'><strong>mulus</strong></span> <span class='ocrx_word' id='word_1_126' title='bbox 269 1626 332 1671; x_wconf 83' lang='lat' dir='ltr'><strong>tuua</strong></span> <span class='ocrx_word' id='word_1_127' title='bbox 346 1635 462 1688; x_wconf 77' lang='lat' dir='ltr'><strong>magnus</strong></span> <span class='ocrx_word' id='word_1_128' title='bbox 477 1628 505 1672; x_wconf 90' lang='lat' dir='ltr'><strong>et</strong></span> <span class='ocrx_word' id='word_1_129' title='bbox 519 1622 649 1688; x_wconf 76' lang='lat' dir='ltr'><strong>specialis</strong></span> <span class='ocrx_word' id='word_1_130' title='bbox 660 1624 764 1674; x_wconf 70' lang='lat' dir='ltr'><strong>amicus</strong></span> <span class='ocrx_word' id='word_1_131' title='bbox 773 1630 850 1686; x_wconf 78' lang='lat' dir='ltr'><strong>tuuc,</strong></span> <span class='ocrx_word' id='word_1_132' title='bbox 865 1637 959 1676; x_wconf 80' lang='lat' dir='ltr'><strong>aream</strong></span> 
     </span>
     <span class='ocr_line' id='line_1_19' title="bbox 116 1701 957 1774; baseline 0.002 -16"><span class='ocrx_word' id='word_1_133' title='bbox 116 1751 118 1758; x_wconf 81' lang='grc'>,</span> <span class='ocrx_word' id='word_1_134' title='bbox 165 1720 200 1758; x_wconf 82' lang='lat' dir='ltr'><strong>ex</strong></span> <span class='ocrx_word' id='word_1_135' title='bbox 214 1706 297 1773; x_wconf 70' lang='lat' dir='ltr'><strong>lignis</strong></span> <span class='ocrx_word' id='word_1_136' title='bbox 309 1705 523 1774; x_wconf 74' lang='lat' dir='ltr'><strong>imputribilibus</strong></span> <span class='ocrx_word' id='word_1_137' title='bbox 539 1705 619 1769; x_wconf 80' lang='lat' dir='ltr'><strong>iecit,</strong></span> <span class='ocrx_word' id='word_1_138' title='bbox 635 1721 716 1774; x_wconf 86' lang='lat' dir='ltr'><strong>quam</strong></span> <span class='ocrx_word' id='word_1_139' title='bbox 734 1714 763 1758; x_wconf 89' lang='lat' dir='ltr'><strong>et</strong></span> <span class='ocrx_word' id='word_1_140' title='bbox 777 1701 957 1760; x_wconf 79' lang='lat' dir='ltr'><strong>mundissimo</strong></span> 
     </span>
     <span class='ocr_line' id='line_1_20' title="bbox 163 1790 1028 1860; baseline 0.005 -20"><span class='ocrx_word' id='word_1_141' title='bbox 163 1791 274 1842; x_wconf 77' lang='lat' dir='ltr'><strong>vestivit</strong></span> <span class='ocrx_word' id='word_1_142' title='bbox 283 1803 361 1852; x_wconf 86' lang='lat' dir='ltr'><strong>auro,</strong></span> <span class='ocrx_word' id='word_1_143' title='bbox 371 1797 403 1840; x_wconf 90' lang='lat' dir='ltr'><strong>ut</strong></span> <span class='ocrx_word' id='word_1_144' title='bbox 411 1790 521 1842; x_wconf 77' lang='lat' dir='ltr'><strong>tabulae</strong></span> <span class='ocrx_word' id='word_1_145' title='bbox 531 1791 601 1857; x_wconf 77' lang='lat' dir='ltr'><strong>legis</strong></span> <span class='ocrx_word' id='word_1_146' title='bbox 610 1792 639 1841; x_wconf 93' lang='lat' dir='ltr'><strong>in</strong></span> <span class='ocrx_word' id='word_1_147' title='bbox 650 1806 684 1842; x_wconf 87' lang='lat' dir='ltr'><strong>ee</strong></span> <span class='ocrx_word' id='word_1_148' title='bbox 692 1798 853 1858; x_wconf 78' lang='lat' dir='ltr'><strong>reponerott</strong></span> <span class='ocrx_word' id='word_1_149' title='bbox 865 1799 895 1843; x_wconf 81' lang='lat' dir='ltr'><strong>et</strong></span> <span class='ocrx_word' id='word_1_150' title='bbox 904 1807 956 1860; x_wconf 74' lang='lat' dir='ltr'><strong>oga</strong></span> <span class='ocrx_word' id='word_1_151' title='bbox 1026 1821 1028 1824; x_wconf 95' lang='lat'>·</span> 
     </span>
    </p>

    <p class='ocr_par' dir='ltr' id='par_1_6' title="bbox 147 1873 1024 2614">
     <span class='ocr_line' id='line_1_21' title="bbox 164 1873 955 1942; baseline 0.004 -16"><span class='ocrx_word' id='word_1_152' title='bbox 164 1874 274 1942; x_wconf 84' lang='lat' dir='ltr'><strong>putrida</strong></span> <span class='ocrx_word' id='word_1_153' title='bbox 284 1881 411 1927; x_wconf 83' lang='lat' dir='ltr'><strong>creatura</strong></span> <span class='ocrx_word' id='word_1_154' title='bbox 421 1873 529 1925; x_wconf 81' lang='lat' dir='ltr'><strong>audebo</strong></span> <span class='ocrx_word' id='word_1_155' title='bbox 539 1880 568 1924; x_wconf 87' lang='lat' dir='ltr'><strong>tc</strong></span> <span class='ocrx_word' id='word_1_156' title='bbox 579 1874 750 1926; x_wconf 84' lang='lat' dir='ltr'><strong>conditorem</strong></span> <span class='ocrx_word' id='word_1_157' title='bbox 760 1876 831 1942; x_wconf 77' lang='lat' dir='ltr'><strong>legis</strong></span> <span class='ocrx_word' id='word_1_158' title='bbox 841 1890 875 1928; x_wconf 87' lang='lat' dir='ltr'><strong>ae</strong></span> <span class='ocrx_word' id='word_1_159' title='bbox 883 1879 955 1928; x_wconf 84' lang='lat' dir='ltr'><strong>vitae</strong></span> 
     </span>
     <span class='ocr_line' id='line_1_22' title="bbox 147 1957 956 2026; baseline 0.002 -16"><span class='ocrx_word' id='word_1_160' title='bbox 147 1961 289 2011; x_wconf 82' lang='lat' dir='ltr'><strong>¹dotorem</strong></span> <span class='ocrx_word' id='word_1_161' title='bbox 298 1965 354 2010; x_wconf 82' lang='lat' dir='ltr'><strong>taur</strong></span> <span class='ocrx_word' id='word_1_162' title='bbox 363 1957 447 2010; x_wconf 84' lang='lat' dir='ltr'><strong>facila</strong></span> <span class='ocrx_word' id='word_1_163' title='bbox 456 1957 614 2025; x_wconf 71' lang='lat' dir='ltr'><strong>susciperet</strong></span> <span class='ocrx_word' id='word_1_164' title='bbox 649 1957 795 2022; x_wconf 85' lang='lat' dir='ltr'><strong>Salomon,</strong></span> <span class='ocrx_word' id='word_1_165' title='bbox 811 1960 956 2026; x_wconf 75' lang='lat' dir='ltr'><strong>sapientie·</strong></span> 
     </span>
     <span class='ocr_line' id='line_1_23' title="bbox 162 2042 956 2112; baseline 0.001 -17"><span class='ocrx_word' id='word_1_166' title='bbox 162 2046 247 2096; x_wconf 75' lang='lat' dir='ltr'><strong>aimus</strong></span> <span class='ocrx_word' id='word_1_167' title='bbox 264 2057 362 2110; x_wconf 82' lang='lat' dir='ltr'><strong>regum</strong></span> <span class='ocrx_word' id='word_1_168' title='bbox 380 2042 480 2105; x_wconf 73' lang='lat' dir='ltr'><strong>lsrael,</strong></span> <span class='ocrx_word' id='word_1_169' title='bbox 507 2042 639 2108; x_wconf 80' lang='lat' dir='ltr'><strong>ternplum</strong></span> <span class='ocrx_word' id='word_1_170' title='bbox 657 2043 832 2110; x_wconf 80' lang='lat' dir='ltr'><strong>magnificum</strong></span> <span class='ocrx_word' id='word_1_171' title='bbox 850 2049 956 2112; x_wconf 78' lang='lat' dir='ltr'><strong>septem</strong></span> 
     </span>
     <span class='ocr_line' id='line_1_24' title="bbox 163 2125 956 2191; baseline 0.004 -13"><span class='ocrx_word' id='word_1_172' title='bbox 163 2129 241 2180; x_wconf 79' lang='lat' dir='ltr'><strong>annis</strong></span> <span class='ocrx_word' id='word_1_173' title='bbox 255 2129 284 2178; x_wconf 91' lang='lat' dir='ltr'><strong>in</strong></span> <span class='ocrx_word' id='word_1_174' title='bbox 294 2126 404 2178; x_wconf 89' lang='lat' dir='ltr'><strong>laudem</strong></span> <span class='ocrx_word' id='word_1_175' title='bbox 414 2127 532 2177; x_wconf 77' lang='lat' dir='ltr'><strong>nominis</strong></span> <span class='ocrx_word' id='word_1_176' title='bbox 541 2127 582 2177; x_wconf 81' lang='lat' dir='ltr'><strong>tui</strong></span> <span class='ocrx_word' id='word_1_177' title='bbox 597 2125 765 2191; x_wconf 81' lang='lat' dir='ltr'><strong>aedificavit,</strong></span> <span class='ocrx_word' id='word_1_178' title='bbox 781 2133 809 2179; x_wconf 86' lang='lat' dir='ltr'><strong>ct</strong></span> <span class='ocrx_word' id='word_1_179' title='bbox 823 2135 887 2180; x_wconf 84' lang='lat' dir='ltr'><strong>octe</strong></span> <span class='ocrx_word' id='word_1_180' title='bbox 898 2128 956 2181; x_wconf 89' lang='lat' dir='ltr'><strong>die·</strong></span> 
     </span>
     <span class='ocr_line' id='line_1_25' title="bbox 161 2210 955 2276; baseline 0.005 -14"><span class='ocrx_word' id='word_1_181' title='bbox 161 2212 212 2263; x_wconf 81' lang='lat' dir='ltr'><strong>bue</strong></span> <span class='ocrx_word' id='word_1_182' title='bbox 222 2211 324 2264; x_wconf 75' lang='lat' dir='ltr'><strong>fectum</strong></span> <span class='ocrx_word' id='word_1_183' title='bbox 333 2210 515 2261; x_wconf 76' lang='lat' dir='ltr'><strong>dedicationis</strong></span> <span class='ocrx_word' id='word_1_184' title='bbox 526 2211 586 2276; x_wconf 82' lang='lat' dir='ltr'><strong>ejua</strong></span> <span class='ocrx_word' id='word_1_185' title='bbox 596 2211 754 2274; x_wconf 81' lang='lat' dir='ltr'><strong>celebravit,</strong></span> <span class='ocrx_word' id='word_1_186' title='bbox 760 2211 837 2264; x_wconf 87' lang='lat' dir='ltr'><strong>mille</strong></span> <span class='ocrx_word' id='word_1_187' title='bbox 848 2210 955 2266; x_wconf 73' lang='lat' dir='ltr'><strong>nocuae</strong></span> 
     </span>
     <span class='ocr_line' id='line_1_26' title="bbox 163 2291 956 2362; baseline 0.006 -18"><span class='ocrx_word' id='word_1_188' title='bbox 163 2296 293 2362; x_wconf 79' lang='lat' dir='ltr'><strong>pacificae</strong></span> <span class='ocrx_word' id='word_1_189' title='bbox 306 2294 418 2356; x_wconf 84' lang='lat' dir='ltr'><strong>obtulit,</strong></span> <span class='ocrx_word' id='word_1_190' title='bbox 434 2299 462 2344; x_wconf 90' lang='lat' dir='ltr'><strong>et</strong></span> <span class='ocrx_word' id='word_1_191' title='bbox 475 2307 567 2346; x_wconf 86' lang='lat' dir='ltr'><strong>arcam</strong></span> <span class='ocrx_word' id='word_1_192' title='bbox 577 2292 700 2346; x_wconf 75' lang='lat' dir='ltr'><strong>foederis</strong></span> <span class='ocrx_word' id='word_1_193' title='bbox 710 2295 738 2345; x_wconf 87' lang='lat' dir='ltr'><strong>in</strong></span> <span class='ocrx_word' id='word_1_194' title='bbox 750 2291 882 2362; x_wconf 83' lang='lat' dir='ltr'><strong>clangore</strong></span> <span class='ocrx_word' id='word_1_195' title='bbox 890 2297 956 2348; x_wconf 88' lang='lat' dir='ltr'><strong>buc·</strong></span> 
     </span>
     <span class='ocr_line' id='line_1_27' title="bbox 164 2377 957 2446; baseline 0.001 -16"><span class='ocrx_word' id='word_1_196' title='bbox 164 2379 242 2430; x_wconf 86' lang='lat' dir='ltr'><strong>cinae</strong></span> <span class='ocrx_word' id='word_1_197' title='bbox 258 2384 290 2428; x_wconf 84' lang='lat' dir='ltr'><strong>et</strong></span> <span class='ocrx_word' id='word_1_198' title='bbox 297 2378 387 2444; x_wconf 83' lang='lat' dir='ltr'><strong>jubilo</strong></span> <span class='ocrx_word' id='word_1_199' title='bbox 396 2378 425 2427; x_wconf 93' lang='lat' dir='ltr'><strong>in</strong></span> <span class='ocrx_word' id='word_1_200' title='bbox 435 2377 526 2429; x_wconf 87' lang='lat' dir='ltr'><strong>iocum</strong></span> <span class='ocrx_word' id='word_1_201' title='bbox 536 2379 589 2428; x_wconf 81' lang='lat' dir='ltr'><strong>eibi</strong></span> <span class='ocrx_word' id='word_1_202' title='bbox 599 2385 793 2446; x_wconf 77' lang='lat' dir='ltr'><strong>praeparatum</strong></span> <span class='ocrx_word' id='word_1_203' title='bbox 802 2377 957 2432; x_wconf 76' lang='lat' dir='ltr'><strong>solenniter</strong></span> 
     </span>
     <span class='ocr_line' id='line_1_28' title="bbox 162 2452 954 2528; baseline 0.004 -16"><span class='ocrx_word' id='word_1_204' title='bbox 162 2461 319 2512; x_wconf 76' lang='lat' dir='ltr'><strong>collocavit.</strong></span> <span class='ocrx_word' id='word_1_205' title='bbox 348 2462 385 2512; x_wconf 81' lang='lat' dir='ltr'><strong>Et</strong></span> <span class='ocrx_word' id='word_1_206' title='bbox 394 2475 447 2528; x_wconf 82' lang='lat' dir='ltr'><strong>ego</strong></span> <span class='ocrx_word' id='word_1_207' title='bbox 457 2452 555 2512; x_wconf 74' lang='lat' dir='ltr'><strong>infelix</strong></span> <span class='ocrx_word' id='word_1_208' title='bbox 565 2471 593 2512; x_wconf 89' lang='lat' dir='ltr'><strong>et</strong></span> <span class='ocrx_word' id='word_1_209' title='bbox 603 2463 793 2528; x_wconf 75' lang='lat' dir='ltr'><strong>pauperrimus</strong></span> <span class='ocrx_word' id='word_1_210' title='bbox 803 2460 954 2528; x_wconf 82' lang='lat' dir='ltr'><strong>bominum,</strong></span> 
     </span>
     <span class='ocr_line' id='line_1_29' title="bbox 162 2541 1024 2614; baseline 0.01 -23"><span class='ocrx_word' id='word_1_211' title='bbox 162 2541 301 2609; x_wconf 83' lang='lat' dir='ltr'><strong>quomodo</strong></span> <span class='ocrx_word' id='word_1_212' title='bbox 319 2548 347 2593; x_wconf 89' lang='lat' dir='ltr'><strong>te</strong></span> <span class='ocrx_word' id='word_1_213' title='bbox 365 2545 394 2594; x_wconf 91' lang='lat' dir='ltr'><strong>in</strong></span> <span class='ocrx_word' id='word_1_214' title='bbox 412 2544 522 2594; x_wconf 83' lang='lat' dir='ltr'><strong>domurn</strong></span> <span class='ocrx_word' id='word_1_215' title='bbox 538 2559 630 2596; x_wconf 85' lang='lat' dir='ltr'><strong>meam</strong></span> <span class='ocrx_word' id='word_1_216' title='bbox 648 2544 835 2608; x_wconf 75' lang='lat' dir='ltr'><strong>introducam,</strong></span> <span class='ocrx_word' id='word_1_217' title='bbox 851 2549 955 2614; x_wconf 74' lang='lat' dir='ltr'><strong>quin-ix</strong></span> <span class='ocrx_word' id='word_1_218' title='bbox 1022 2549 1024 2600; x_wconf 73' lang='lat' dir='ltr'><strong>i</strong></span> 
     </span>
    </p>
   </div>
   <div class='ocr_carea' id='block_1_5' title="bbox 217 2707 405 2757">
    <p class='ocr_par' dir='ltr' id='par_1_7' title="bbox 217 2707 405 2757">
     <span class='ocr_line' id='line_1_30' title="bbox 217 2707 405 2757; baseline -0.011 -9"><span class='ocrx_word' id='word_1_219' title='bbox 217 2710 237 2748; x_wconf 74' lang='lat'><strong>2.</strong></span> <span class='ocrx_word' id='word_1_220' title='bbox 253 2707 329 2757; x_wconf 59' lang='lat' dir='ltr'><strong>ilica·</strong></span> <span class='ocrx_word' id='word_1_221' title='bbox 340 2713 360 2755; x_wconf 80' lang='lat'><strong>8.</strong></span> <span class='ocrx_word' id='word_1_222' title='bbox 370 2712 405 2750; x_wconf 64' lang='lat'><strong>27.</strong></span> 
     </span>
    </p>
   </div>
   <div class='ocr_carea' id='block_1_6' title="bbox 0 0 1044 3058">
    <p class='ocr_par' dir='ltr' id='par_1_8' title="bbox 0 0 1044 3058">
     <span class='ocr_line' id='line_1_31' title="bbox 0 0 1044 3058; baseline 0 2"><span class='ocrx_word' id='word_1_223' title='bbox 0 0 1044 3058; x_wconf 95' lang='lat' dir='ltr'><strong> </strong></span> 
     </span>
    </p>
   </div>
  </div>
 </body>
</html>
