2084 3064
152 251 156 258 .
230 213 387 267 cllalsTt
420 221 486 265 Lla.
505 219 548 264 111.
572 219 646 266 Car.
665 223 756 269 noel.
841 219 891 270 175

92 335 282 402 corruptelam
302 335 338 386 ad
351 334 488 387 inferiora
501 333 685 398 descendere,
706 342 734 386 et
748 351 818 388 onus
833 351 893 389 oon·

89 420 234 488 nuptibilia
248 421 323 470 vitae
339 421 422 472 etiam
435 420 522 500 invite
541 425 570 470 et
584 434 645 470 enm
658 419 753 472 taedio
768 427 891 487 portare.

92 504 234 568 Quamdiu
248 503 367 554 mortale
382 515 482 570 corpus
496 504 587 570 geris,
604 503 727 555 taedium
741 506 845 558 senties
866 516 894 556 et

89 603 243 658 gravamen
259 588 360 640 cordis.
396 588 515 654 Oportet
529 603 597 655 ergo
612 603 698 656 saepe
715 590 744 639 in
759 604 842 641 carne
857 590 892 642 de

91 675 185 726 carnis
206 687 291 724 onere
306 687 432 740 gemere,
453 688 487 724 eo
503 672 578 740 qnod
596 687 653 724 non
665 673 744 726 vales
763 674 892 740 spititua-

89 759 164 810 libns
180 756 279 808 studiis
294 763 323 808 et
336 756 446 808 divinae
461 757 688 824 contemplationi
702 758 894 810 indesinenter

88 841 248 894 inhaerere.

139 928 165 975 2.
185 926 264 976 Tunc
275 924 387 990 expedit
395 925 447 976 tibi
456 924 492 976 ad
502 923 661 977 humiliant
674 927 815 978 exteriora
825 941 890 994 ope·

80 1025 121 1083 xra
134 1007 288 1076 coningere
304 1013 332 1060 et
345 1009 464 1061 inbonis
475 1009 582 1061 actibus
593 1014 774 1074 terecreare,
790 1004 890 1063 adven-

86 1101 146 1144 tum
171 1107 262 1144 meum
285 1097 481 1160 et'supernam
501 1093 688 1144 visitationem
707 1079 788 1144 lirina
807 1097 891 1147 conil-

88 1178 186 1230 dentia
196 1183 372 1243 exspectare,
389 1177 503 1230 exilium
511 1182 589 1228 tuum
605 1182 634 1229 et
648 1176 807 1228 ariditatem
815 1192 890 1228 men-

86 1265 123 1314 tis
134 1262 274 1328 patienter
287 1259 420 1324 sufferre,
435 1261 636 1314 donecitemm
645 1276 664 1312 a
673 1275 717 1312 me
727 1261 848 1312 visiteris
862 1269 891 1312 et

87 1348 123 1399 ab
139 1346 267 1398 omnibus
282 1345 470 1398 anxietatibus
484 1345 622 1396 libereris.
658 1345 730 1396 Nam
744 1344 846 1397 faciam
862 1352 889 1398 te

85 1431 216 1483 laborum
226 1430 353 1483 oblivisci
368 1435 397 1484 et
406 1431 620 1497 mternaqtiiete
628 1428 744 1497 perfrui.
780 1429 889 1498 Expan-

86 1514 153 1566 dam
162 1520 295 1567 coramte
305 1522 386 1582 prata
397 1515 610 1584 scripttnarum,
625 1519 657 1566 nt
671 1514 788 1569 dilatato
804 1515 889 1568 corde

86 1613 201 1667 comere
223 1598 341 1666 incipias
364 1601 437 1653 viam
465 1599 657 1652 mandatorum
682 1616 818 1653 meorum.
853 1601 890 1652 Et

84 1685 178 1736 diceet
210 1682 284 1735 Non
306 1689 386 1736 sunt
411 1683 603 1752 condignae
626 1687 810 1750 passiones
834 1683 887 1735 hu·

82 1770 138 1838 jos
167 1769 333 1834 temporis
361 1767 401 1819 ad
428 1767 579 1820 intorem
607 1767 769 1840 gloriam,
802 1781 886 1834 quae

82 1852 306 1905 revelabitur
322 1853 356 1903 in
375 1851 484 1904 nobis.

141 2026 162 2064 2.
173 2020 243 2064 ‘Reno
254 2023 275 2070 Β,
286 2023 320 2064 le.
