2076 3066
190 172 222 226 tr
421 171 478 242 ou
500 167 745 218 rurrsrrcur

442 327 601 388 CAPUT
640 326 735 384 Xiv.

361 448 404 501 De
423 446 564 500 temerario
578 445 683 513 judicio
702 445 820 496 citando.

244 599 268 647 1.
286 576 341 648 Ad
354 602 382 646 te
395 596 485 660 ipsum
500 594 596 646 oculos
610 590 724 644 reflecto
738 595 767 642 et
780 589 903 642 eliorum
921 590 1002 643 facts

196 695 294 734 cereas
310 679 444 747 judicate.
478 681 509 730 ln
524 677 674 746 judicando
694 677 765 730 alios
783 675 868 728 hoino
888 675 1001 728 frusm

195 765 315 827 laboret,
325 763 435 828 saepius
446 769 521 814 errat
530 768 559 816 ct
567 762 667 814 leviter
675 766 786 828 peccat3
801 775 831 812 se
845 761 947 826 ipsum
957 777 999 812 ve

193 863 228 900 ro
241 846 391 914 judicando
406 853 435 899 et
448 847 619 900 discutiendo
635 860 744 912 semper
756 843 902 896 frucuose
920 846 999 898 labo·

195 938 249 984 ret.
285 931 451 984 Sicutuobis
460 946 508 984 res
518 931 597 984 cordi
606 935 662 993 est,
677 931 719 982 sic
732 929 768 982 de
783 927 998 996 confrequentet

194 1016 362 1084 judicemus3
380 1031 445 1068 nem
460 1031 557 1070 rerum
572 1015 707 1083 judicium
724 1020 838 1080 propter
854 1014 996 1078 privatum

83 1097 89 1110 '
198 1116 320 1154 umorem
333 1100 455 1153 faciliter
468 1099 618 1167 perdimus.
650 1094 684 1151 'si
697 1099 775 1152 Deus
789 1111 901 1163 semper
923 1105 996 1152 esset

196 1171 266 1251 pure
278 1186 395 1238 intentio
411 1185 501 1236 nostri
514 1183 660 1245 desiderii,
675 1198 730 1236 nou
739 1189 797 1234 tom
806 1180 934 1234 faciliter
943 1189 994 1234 tur·

197 1270 327 1320 baremur
335 1282 386 1335 pro
395 1267 556 1319 resistentia
565 1281 663 1318 sensus
672 1267 769 1320 nostri.

247 1355 272 1402 2.
292 1351 347 1404 Sed
361 1365 446 1417 saepe
462 1349 567 1417 aliquid
582 1350 616 1402 ab
631 1350 704 1401 intra
717 1351 787 1401 latet
799 1349 845 1402 vel
859 1351 949 1402 etiarn
963 1352 991 1402 ob

200 1441 279 1489 extre
287 1436 435 1497 concurrit,
446 1431 521 1511 qu
530 1449 581 1486 nos
592 1435 675 1486 etiem
685 1436 790 1502 pariter
798 1431 891 1484 tratrit
910 1434 990 1488 Multi

199 1519 307 1573 occulte
325 1535 355 1571 se
370 1520 447 1585 ipsos
467 1526 602 1585 quaerunt
614 1519 644 1572 in
656 1520 749 1582 rebus,
768 1532 836 1587 ques
851 1527 949 1586 agunt,
968 1531 989 1573 et

198 1604 332 1656 nesciunt.
367 1602 503 1655 Videntur
512 1603 596 1654 ctiam
604 1603 633 1654 in
642 1604 717 1655 bono
724 1617 794 1672 pace
804 1608 892 1667 sture,
908 1619 987 1672 quan-

199 1689 235 1740 do
249 1703 295 1740 res
313 1702 366 1755 pro
385 1702 480 1746 eorum
498 1687 569 1740 velle
588 1688 657 1740 fiunt
675 1694 703 1740 et
721 1688 838 1750 sentire;
856 1688 880 1738 si
900 1696 987 1742 entem

199 1774 280 1825 aliter
289 1773 320 1824 iit
329 1787 411 1840 quam
420 1772 545 1838 cupiunt,
556 1773 610 1824 cito
620 1777 766 1830 moventur
775 1777 804 1823 et
811 1771 904 1824 tristes
913 1773 985 1826 iiunt

139 1841 142 1853 ¹
198 1859 317 1926 Propter
335 1857 523 1920 diversitatem
546 1872 676 1909 sensuum
699 1861 728 1908 et
746 1856 904 1922 opinionum
922 1859 984 1910 satis

199 1944 361 2012 frequentur
375 1941 501 1992 oriuntur
515 1939 703 1994 dissensiones
716 1942 790 1994 inter
804 1940 905 1995 andros
917 1949 946 1994 et
955 1943 984 1994 ci·
1004 1979 1005 1997 1

198 2043 255 2093 ves,
265 2029 338 2080 inter
345 2026 496 2093 religiosos
506 2030 534 2076 et
544 2024 669 2078 devotos.

248 2111 273 2162 3.
291 2112 410 2179 Antiqua
425 2109 596 2162 consuetedo
609 2108 760 2161 difficulter
772 2109 947 2178 relinquitur,
961 2117 984 2164 et

199 2193 272 2245 ultra
292 2196 434 2262 proprium
456 2191 557 2261 vidore¹
569 2208 650 2244 nemo
674 2191 793 2246 hientcr
811 2194 922 2246 ducitur.
958 2195 984 2250 Si

196 2277 301 2330 rationi
309 2282 374 2329 tuse
383 2278 473 2344 magis
482 2277 607 2328 inniteris
616 2277 662 2328 vel
670 2277 926 2348 nunnunquam
936 2283 983 2334 vir·

87 2401 91 2410 .
197 2361 251 2412 tuti
265 2361 504 2428 subjectivaeiesu
515 2359 701 2425 christinam
712 2367 741 2414 ct
753 2363 833 2416 tarde
844 2365 895 2416 cris
904 2363 981 2418 homo

197 2445 380 2497 illuminatus:
396 2446 461 2514 quia
473 2445 550 2498 Deus
561 2445 623 2498 vvult
632 2461 683 2499 nos
693 2447 747 2498 sibi
760 2447 882 2516 perfecte
891 2450 982 2518 subjici

200 2535 228 2582 et
238 2544 346 2582 omnem
353 2531 492 2584 rationem
506 2545 556 2597 per
564 2529 762 2600 indeminutum
773 2548 892 2610 eruorem
900 2539 982 2588 trans·

197 2614 339 2667 scendere.

499 2743 694 2774 ...am—..-
