<?xml version="1.0" encoding="UTF-8"?>
<!DOCTYPE html PUBLIC "-//W3C//DTD XHTML 1.0 Transitional//EN"
    "http://www.w3.org/TR/xhtml1/DTD/xhtml1-transitional.dtd">
<html xmlns="http://www.w3.org/1999/xhtml" xml:lang="en" lang="en">
 <head>
  <title>
</title>
<meta http-equiv="Content-Type" content="text/html;charset=utf-8" />
  <meta name='ocr-system' content='tesseract 3.04.00' />
  <meta name='ocr-capabilities' content='ocr_page ocr_carea ocr_par ocr_line ocrx_word'/>
</head>
<body>
  <div class='ocr_page' id='page_1' title='image "./thomaeakempisde00unkngoog_0143.png"; bbox 0 0 2072 3068; ppageno 0'>
   <div class='ocr_carea' id='block_1_1' title="bbox 133 180 869 253">
    <p class='ocr_par' dir='ltr' id='par_1_1' title="bbox 133 180 869 253">
     <span class='ocr_line' id='line_1_1' title="bbox 133 180 869 253; baseline 0.014 -10"><span class='ocrx_word' id='word_1_1' title='bbox 133 180 136 184; x_wconf 86' lang='grc'><strong>’</strong></span> <span class='ocrx_word' id='word_1_2' title='bbox 219 200 736 248; x_wconf 68' lang='lat' dir='ltr'><strong>cumststm.1n.cm.24.2e.</strong></span> <span class='ocrx_word' id='word_1_3' title='bbox 821 203 869 253; x_wconf 74' lang='lat'><strong>12⁷</strong></span> 
     </span>
    </p>
   </div>
   <div class='ocr_carea' id='block_1_2' title="bbox 326 447 626 506">
    <p class='ocr_par' dir='ltr' id='par_1_2' title="bbox 326 447 626 506">
     <span class='ocr_line' id='line_1_2' title="bbox 326 447 626 506; baseline 0.003 -4"><span class='ocrx_word' id='word_1_4' title='bbox 326 447 481 506; x_wconf 79' lang='lat' dir='ltr'><strong>CAPUT</strong></span> <span class='ocrx_word' id='word_1_5' title='bbox 516 449 626 504; x_wconf 83' lang='lat' dir='ltr'><strong>XXV.</strong></span> 
     </span>
    </p>
   </div>
   <div class='ocr_carea' id='block_1_3' title="bbox 8 579 833 718">
    <p class='ocr_par' dir='ltr' id='par_1_3' title="bbox 8 579 833 718">
     <span class='ocr_line' id='line_1_3' title="bbox 8 579 833 654; baseline 0 -18"><span class='ocrx_word' id='word_1_6' title='bbox 8 595 10 604; x_wconf 80' lang='grc'>’</span> <span class='ocrx_word' id='word_1_7' title='bbox 113 585 153 636; x_wconf 71' lang='lat' dir='ltr'><strong>In</strong></span> <span class='ocrx_word' id='word_1_8' title='bbox 174 583 267 652; x_wconf 75' lang='lat' dir='ltr'><strong>quibus</strong></span> <span class='ocrx_word' id='word_1_9' title='bbox 280 583 366 652; x_wconf 69' lang='lat' dir='ltr'><strong>firma</strong></span> <span class='ocrx_word' id='word_1_10' title='bbox 380 585 543 651; x_wconf 72' lang='lat' dir='ltr'><strong>paxeordis</strong></span> <span class='ocrx_word' id='word_1_11' title='bbox 561 595 587 636; x_wconf 83' lang='lat' dir='ltr'><strong>et</strong></span> <span class='ocrx_word' id='word_1_12' title='bbox 603 601 680 637; x_wconf 82' lang='lat' dir='ltr'><strong>verus</strong></span> <span class='ocrx_word' id='word_1_13' title='bbox 695 579 833 654; x_wconf 78' lang='lat' dir='ltr'><strong>profectus</strong></span> 
     </span>
     <span class='ocr_line' id='line_1_4' title="bbox 411 667 617 718; baseline 0 0"><span class='ocrx_word' id='word_1_14' title='bbox 411 667 539 718; x_wconf 73' lang='lat' dir='ltr'><strong>consistit.</strong></span> <span class='ocrx_word' id='word_1_15' title='bbox 612 679 617 693; x_wconf 86' lang='lat'><strong><em>¹</em></strong></span> 
     </span>
    </p>
   </div>
   <div class='ocr_carea' id='block_1_4' title="bbox 129 807 871 896">
    <p class='ocr_par' dir='ltr' id='par_1_4' title="bbox 129 807 871 896">
     <span class='ocr_line' id='line_1_5' title="bbox 129 807 871 896; baseline 0.004 -18"><span class='ocrx_word' id='word_1_16' title='bbox 129 830 155 878; x_wconf 81' lang='lat'><strong>1.</strong></span> <span class='ocrx_word' id='word_1_17' title='bbox 173 807 251 891; x_wconf 81' lang='lat' dir='ltr'><strong>Fili,</strong></span> <span class='ocrx_word' id='word_1_18' title='bbox 272 839 325 895; x_wconf 82' lang='lat' dir='ltr'><strong>ego</strong></span> <span class='ocrx_word' id='word_1_19' title='bbox 344 828 452 879; x_wconf 74' lang='lat' dir='ltr'><strong>loeutus</strong></span> <span class='ocrx_word' id='word_1_20' title='bbox 470 843 542 880; x_wconf 87' lang='lat' dir='ltr'><strong>sum:</strong></span> <span class='ocrx_word' id='word_1_21' title='bbox 570 830 697 883; x_wconf 42' lang='lat' dir='ltr'><strong>Pacem*</strong></span> <span class='ocrx_word' id='word_1_22' title='bbox 711 829 871 896; x_wconf 83' lang='lat' dir='ltr'><strong>relinquo</strong></span> 
     </span>
    </p>
   </div>
   <div class='ocr_carea' id='block_1_5' title="bbox 8 917 873 1572">
    <p class='ocr_par' dir='ltr' id='par_1_5' title="bbox 8 917 873 1484">
     <span class='ocr_line' id='line_1_6' title="bbox 78 917 872 983; baseline -0.003 -15"><span class='ocrx_word' id='word_1_23' title='bbox 78 917 192 981; x_wconf 76' lang='lat' dir='ltr'><strong>vobis,</strong></span> <span class='ocrx_word' id='word_1_24' title='bbox 211 919 337 982; x_wconf 50' lang='lat' dir='ltr'><strong>&#39;pacem¹</strong></span> <span class='ocrx_word' id='word_1_25' title='bbox 363 931 467 982; x_wconf 77' lang='lat' dir='ltr'><strong>meam</strong></span> <span class='ocrx_word' id='word_1_26' title='bbox 494 917 535 968; x_wconf 85' lang='lat' dir='ltr'><strong>do</strong></span> <span class='ocrx_word' id='word_1_27' title='bbox 563 919 674 969; x_wconf 83' lang='lat' dir='ltr'><strong>vobis:</strong></span> <span class='ocrx_word' id='word_1_28' title='bbox 707 932 772 969; x_wconf 78' lang='lat' dir='ltr'><strong>nom</strong></span> <span class='ocrx_word' id='word_1_29' title='bbox 796 931 872 983; x_wconf 86' lang='lat' dir='ltr'><strong>quo·</strong></span> 
     </span>
     <span class='ocr_line' id='line_1_7' title="bbox 78 987 872 1067; baseline -0.003 -15"><span class='ocrx_word' id='word_1_30' title='bbox 78 1001 179 1052; x_wconf 84' lang='lat' dir='ltr'><strong>modo</strong></span> <span class='ocrx_word' id='word_1_31' title='bbox 206 999 344 1051; x_wconf 85' lang='lat' dir='ltr'><strong>mundus</strong></span> <span class='ocrx_word' id='word_1_32' title='bbox 372 1000 443 1064; x_wconf 83' lang='lat' dir='ltr'><strong>dat,</strong></span> <span class='ocrx_word' id='word_1_33' title='bbox 471 1015 533 1067; x_wconf 85' lang='lat' dir='ltr'><strong>ego</strong></span> <span class='ocrx_word' id='word_1_34' title='bbox 558 1000 598 1051; x_wconf 89' lang='lat' dir='ltr'><strong>do</strong></span> <span class='ocrx_word' id='word_1_35' title='bbox 621 987 728 1052; x_wconf 74' lang='lat' dir='ltr'><strong>vebis.</strong></span> <span class='ocrx_word' id='word_1_36' title='bbox 770 1000 872 1052; x_wconf 74' lang='lat' dir='ltr'><strong>Panem</strong></span> 
     </span>
     <span class='ocr_line' id='line_1_8' title="bbox 79 1082 871 1150; baseline -0.004 -14"><span class='ocrx_word' id='word_1_37' title='bbox 79 1099 176 1136; x_wconf 85' lang='lat' dir='ltr'><strong>omnes</strong></span> <span class='ocrx_word' id='word_1_38' title='bbox 191 1083 361 1147; x_wconf 84' lang='lat' dir='ltr'><strong>desiderent,</strong></span> <span class='ocrx_word' id='word_1_39' title='bbox 377 1083 427 1136; x_wconf 80' lang='lat' dir='ltr'><strong>sed</strong></span> <span class='ocrx_word' id='word_1_40' title='bbox 441 1097 512 1150; x_wconf 79' lang='lat' dir='ltr'><strong>quae</strong></span> <span class='ocrx_word' id='word_1_41' title='bbox 527 1082 669 1135; x_wconf 75' lang='lat' dir='ltr'><strong>adseram</strong></span> <span class='ocrx_word' id='word_1_42' title='bbox 683 1085 871 1150; x_wconf 84' lang='lat' dir='ltr'><strong>paeemperti-</strong></span> 
     </span>
     <span class='ocr_line' id='line_1_9' title="bbox 78 1165 873 1230; baseline -0.001 -13"><span class='ocrx_word' id='word_1_43' title='bbox 78 1172 154 1230; x_wconf 88' lang='lat' dir='ltr'><strong>nent,</strong></span> <span class='ocrx_word' id='word_1_44' title='bbox 164 1183 220 1218; x_wconf 87' lang='lat' dir='ltr'><strong>non</strong></span> <span class='ocrx_word' id='word_1_45' title='bbox 230 1183 325 1220; x_wconf 83' lang='lat' dir='ltr'><strong>omnes</strong></span> <span class='ocrx_word' id='word_1_46' title='bbox 335 1173 440 1219; x_wconf 79' lang='lat' dir='ltr'><strong>curant.</strong></span> <span class='ocrx_word' id='word_1_47' title='bbox 474 1165 535 1218; x_wconf 84' lang='lat' dir='ltr'><strong>Pax</strong></span> <span class='ocrx_word' id='word_1_48' title='bbox 543 1180 604 1218; x_wconf 80' lang='lat' dir='ltr'><strong>mee</strong></span> <span class='ocrx_word' id='word_1_49' title='bbox 614 1182 675 1218; x_wconf 87' lang='lat' dir='ltr'><strong>eum</strong></span> <span class='ocrx_word' id='word_1_50' title='bbox 684 1166 831 1218; x_wconf 82' lang='lat' dir='ltr'><strong>humilibus</strong></span> <span class='ocrx_word' id='word_1_51' title='bbox 845 1173 873 1218; x_wconf 90' lang='lat' dir='ltr'><strong>et</strong></span> 
     </span>
     <span class='ocr_line' id='line_1_10' title="bbox 8 1249 870 1317; baseline -0.005 -14"><span class='ocrx_word' id='word_1_52' title='bbox 8 1271 9 1276; x_wconf 50' lang='lat'>¹</span> <span class='ocrx_word' id='word_1_53' title='bbox 79 1249 232 1302; x_wconf 78' lang='lat' dir='ltr'><strong>mansuetis</strong></span> <span class='ocrx_word' id='word_1_54' title='bbox 247 1249 340 1302; x_wconf 82' lang='lat' dir='ltr'><strong>eorde.</strong></span> <span class='ocrx_word' id='word_1_55' title='bbox 375 1250 434 1302; x_wconf 75' lang='lat' dir='ltr'><strong>Pax</strong></span> <span class='ocrx_word' id='word_1_56' title='bbox 451 1253 500 1300; x_wconf 79' lang='lat' dir='ltr'><strong>tua</strong></span> <span class='ocrx_word' id='word_1_57' title='bbox 519 1251 572 1301; x_wconf 84' lang='lat' dir='ltr'><strong>erit</strong></span> <span class='ocrx_word' id='word_1_58' title='bbox 584 1251 613 1300; x_wconf 84' lang='lat' dir='ltr'><strong>in</strong></span> <span class='ocrx_word' id='word_1_59' title='bbox 628 1249 715 1301; x_wconf 83' lang='lat' dir='ltr'><strong>multe</strong></span> <span class='ocrx_word' id='word_1_60' title='bbox 728 1250 870 1317; x_wconf 78' lang='lat' dir='ltr'><strong>patientia.</strong></span> 
     </span>
     <span class='ocr_line' id='line_1_11' title="bbox 80 1333 871 1408; baseline -0.005 -20"><span class='ocrx_word' id='word_1_61' title='bbox 80 1335 111 1388; x_wconf 86' lang='lat' dir='ltr'><strong>Si</strong></span> <span class='ocrx_word' id='word_1_62' title='bbox 121 1350 165 1386; x_wconf 86' lang='lat' dir='ltr'><strong>me</strong></span> <span class='ocrx_word' id='word_1_63' title='bbox 176 1334 296 1386; x_wconf 77' lang='lat' dir='ltr'><strong>audieris</strong></span> <span class='ocrx_word' id='word_1_64' title='bbox 308 1340 336 1408; x_wconf 78' lang='lat' dir='ltr'><strong>et</strong></span> <span class='ocrx_word' id='word_1_65' title='bbox 345 1337 440 1386; x_wconf 78' lang='lat' dir='ltr'><strong>veeem</strong></span> <span class='ocrx_word' id='word_1_66' title='bbox 449 1347 539 1386; x_wconf 78' lang='lat' dir='ltr'><strong>meam</strong></span> <span class='ocrx_word' id='word_1_67' title='bbox 549 1333 760 1397; x_wconf 60' lang='lat' dir='ltr'><strong>secutusfueris,</strong></span> <span class='ocrx_word' id='word_1_68' title='bbox 767 1335 871 1400; x_wconf 83' lang='lat' dir='ltr'><strong>poteris</strong></span> 
     </span>
     <span class='ocr_line' id='line_1_12' title="bbox 8 1409 319 1484; baseline -0.003 -14"><span class='ocrx_word' id='word_1_69' title='bbox 8 1409 11 1460; x_wconf 79' lang='grc' dir='ltr'>Ϊ</span> <span class='ocrx_word' id='word_1_70' title='bbox 80 1419 319 1484; x_wconf 76' lang='lat' dir='ltr'><strong>multapacefrui.</strong></span> 
     </span>
    </p>

    <p class='ocr_par' dir='ltr' id='par_1_6' title="bbox 29 1502 471 1572">
     <span class='ocr_line' id='line_1_13' title="bbox 29 1502 471 1572; baseline 0.011 -21"><span class='ocrx_word' id='word_1_71' title='bbox 29 1527 33 1535; x_wconf 78' lang='lat'><em>,</em></span> <span class='ocrx_word' id='word_1_72' title='bbox 131 1505 157 1552; x_wconf 80' lang='lat'><strong>2.</strong></span> <span class='ocrx_word' id='word_1_73' title='bbox 177 1502 471 1572; x_wconf 72' lang='lat' dir='ltr'><strong>Quidigiturfaeiemt</strong></span> 
     </span>
    </p>
   </div>
   <div class='ocr_carea' id='block_1_6' title="bbox 131 1587 971 1657">
    <p class='ocr_par' dir='ltr' id='par_1_7' title="bbox 131 1587 971 1657">
     <span class='ocr_line' id='line_1_14' title="bbox 131 1587 971 1657; baseline 0.005 -20"><span class='ocrx_word' id='word_1_74' title='bbox 131 1587 156 1637; x_wconf 82' lang='lat'><strong>3.</strong></span> <span class='ocrx_word' id='word_1_75' title='bbox 174 1587 205 1637; x_wconf 80' lang='lat' dir='ltr'><strong>ln</strong></span> <span class='ocrx_word' id='word_1_76' title='bbox 217 1587 291 1638; x_wconf 87' lang='lat' dir='ltr'><strong>omni</strong></span> <span class='ocrx_word' id='word_1_77' title='bbox 299 1602 331 1639; x_wconf 79' lang='lat' dir='ltr'><strong>re</strong></span> <span class='ocrx_word' id='word_1_78' title='bbox 341 1589 452 1640; x_wconf 80' lang='lat' dir='ltr'><strong>attende</strong></span> <span class='ocrx_word' id='word_1_79' title='bbox 461 1589 526 1652; x_wconf 74' lang='lat' dir='ltr'><strong>tibi,</strong></span> <span class='ocrx_word' id='word_1_80' title='bbox 542 1588 608 1656; x_wconf 84' lang='lat' dir='ltr'>quid</span> <span class='ocrx_word' id='word_1_81' title='bbox 616 1587 710 1640; x_wconf 78' lang='lat' dir='ltr'><strong>facias·</strong></span> <span class='ocrx_word' id='word_1_82' title='bbox 720 1594 748 1640; x_wconf 84' lang='lat' dir='ltr'><strong>et</strong></span> <span class='ocrx_word' id='word_1_83' title='bbox 758 1588 824 1656; x_wconf 86' lang='lat' dir='ltr'>quid</span> <span class='ocrx_word' id='word_1_84' title='bbox 834 1589 873 1639; x_wconf 84' lang='lat' dir='ltr'><strong>di·</strong></span> <span class='ocrx_word' id='word_1_85' title='bbox 967 1641 971 1657; x_wconf 46' lang='grc' dir='ltr'><em>Ι</em></span> 
     </span>
    </p>
   </div>
   <div class='ocr_carea' id='block_1_7' title="bbox 23 1672 955 2160">
    <p class='ocr_par' dir='ltr' id='par_1_8' title="bbox 23 1672 955 2160">
     <span class='ocr_line' id='line_1_15' title="bbox 81 1672 875 1739; baseline 0.001 -19"><span class='ocrx_word' id='word_1_86' title='bbox 81 1683 143 1731; x_wconf 84' lang='lat' dir='ltr'><strong>ees,</strong></span> <span class='ocrx_word' id='word_1_87' title='bbox 160 1677 187 1720; x_wconf 87' lang='lat' dir='ltr'><strong>et</strong></span> <span class='ocrx_word' id='word_1_88' title='bbox 202 1685 310 1722; x_wconf 87' lang='lat' dir='ltr'><strong>omnem</strong></span> <span class='ocrx_word' id='word_1_89' title='bbox 323 1672 504 1725; x_wconf 73' lang='lat' dir='ltr'><strong>intentionem</strong></span> <span class='ocrx_word' id='word_1_90' title='bbox 516 1678 593 1724; x_wconf 82' lang='lat' dir='ltr'><strong>tuem</strong></span> <span class='ocrx_word' id='word_1_91' title='bbox 607 1673 642 1724; x_wconf 79' lang='lat' dir='ltr'><strong>ad</strong></span> <span class='ocrx_word' id='word_1_92' title='bbox 656 1672 710 1725; x_wconf 87' lang='lat' dir='ltr'><strong>hoe</strong></span> <span class='ocrx_word' id='word_1_93' title='bbox 723 1673 825 1739; x_wconf 73' lang='lat' dir='ltr'><strong>dirige,</strong></span> <span class='ocrx_word' id='word_1_94' title='bbox 844 1677 875 1722; x_wconf 88' lang='lat' dir='ltr'><strong>ut</strong></span> 
     </span>
     <span class='ocr_line' id='line_1_16' title="bbox 80 1751 874 1822; baseline 0.001 -19"><span class='ocrx_word' id='word_1_95' title='bbox 80 1751 149 1804; x_wconf 79' lang='lat' dir='ltr'><strong>mihi</strong></span> <span class='ocrx_word' id='word_1_96' title='bbox 159 1753 348 1820; x_wconf 80' lang='lat' dir='ltr'><strong>solipleeees,</strong></span> <span class='ocrx_word' id='word_1_97' title='bbox 364 1759 393 1805; x_wconf 91' lang='lat' dir='ltr'><strong>et</strong></span> <span class='ocrx_word' id='word_1_98' title='bbox 407 1759 485 1806; x_wconf 82' lang='lat' dir='ltr'><strong>extra</strong></span> <span class='ocrx_word' id='word_1_99' title='bbox 498 1770 544 1806; x_wconf 87' lang='lat' dir='ltr'><strong>me</strong></span> <span class='ocrx_word' id='word_1_100' title='bbox 552 1754 622 1806; x_wconf 85' lang='lat' dir='ltr'>nihil</span> <span class='ocrx_word' id='word_1_101' title='bbox 634 1757 728 1822; x_wconf 78' lang='lat' dir='ltr'><strong>cupies</strong></span> <span class='ocrx_word' id='word_1_102' title='bbox 737 1757 782 1806; x_wconf 86' lang='lat' dir='ltr'><strong>vel</strong></span> <span class='ocrx_word' id='word_1_103' title='bbox 792 1767 874 1822; x_wconf 80' lang='lat' dir='ltr'><strong>quae-</strong></span> 
     </span>
     <span class='ocr_line' id='line_1_17' title="bbox 79 1825 874 1890; baseline 0.003 -2"><span class='ocrx_word' id='word_1_104' title='bbox 79 1851 137 1888; x_wconf 67' lang='grc' dir='ltr'><strong>ηε.</strong></span> <span class='ocrx_word' id='word_1_105' title='bbox 173 1825 230 1889; x_wconf 78' lang='lat' dir='ltr'><strong>Sed</strong></span> <span class='ocrx_word' id='word_1_106' title='bbox 245 1843 273 1888; x_wconf 89' lang='lat' dir='ltr'><strong>et</strong></span> <span class='ocrx_word' id='word_1_107' title='bbox 287 1839 321 1888; x_wconf 85' lang='lat' dir='ltr'><strong>de</strong></span> <span class='ocrx_word' id='word_1_108' title='bbox 337 1837 454 1888; x_wconf 80' lang='lat' dir='ltr'><strong>aliorum</strong></span> <span class='ocrx_word' id='word_1_109' title='bbox 469 1839 550 1889; x_wconf 78' lang='lat' dir='ltr'><strong>dietis</strong></span> <span class='ocrx_word' id='word_1_110' title='bbox 559 1839 604 1889; x_wconf 84' lang='lat' dir='ltr'><strong>vel</strong></span> <span class='ocrx_word' id='word_1_111' title='bbox 618 1837 700 1890; x_wconf 81' lang='lat' dir='ltr'><strong>factis</strong></span> <span class='ocrx_word' id='word_1_112' title='bbox 717 1839 756 1888; x_wconf 83' lang='lat' dir='ltr'><strong>nil</strong></span> <span class='ocrx_word' id='word_1_113' title='bbox 769 1843 874 1890; x_wconf 86' lang='lat' dir='ltr'><strong>temere</strong></span> 
     </span>
     <span class='ocr_line' id='line_1_18' title="bbox 70 1920 874 1988; baseline 0.001 -18"><span class='ocrx_word' id='word_1_114' title='bbox 70 1920 874 1988; x_wconf 66' lang='lat' dir='ltr'><strong>‘judieesmeeeumrebustibinoneommissisteimpliees:</strong></span> 
     </span>
     <span class='ocr_line' id='line_1_19' title="bbox 23 1991 955 2072; baseline -0.002 -16"><span class='ocrx_word' id='word_1_115' title='bbox 23 2047 30 2064; x_wconf 84' lang='lat'><strong>.</strong></span> <span class='ocrx_word' id='word_1_116' title='bbox 82 2011 111 2056; x_wconf 87' lang='lat' dir='ltr'><strong>et</strong></span> <span class='ocrx_word' id='word_1_117' title='bbox 128 2006 233 2071; x_wconf 82' lang='lat' dir='ltr'><strong>poterit</strong></span> <span class='ocrx_word' id='word_1_118' title='bbox 250 2005 324 2068; x_wconf 83' lang='lat' dir='ltr'><strong>fieri,</strong></span> <span class='ocrx_word' id='word_1_119' title='bbox 344 2011 375 2056; x_wconf 91' lang='lat' dir='ltr'><strong>ut</strong></span> <span class='ocrx_word' id='word_1_120' title='bbox 388 2019 485 2072; x_wconf 78' lang='lat' dir='ltr'><strong>parum</strong></span> <span class='ocrx_word' id='word_1_121' title='bbox 498 2004 543 2055; x_wconf 83' lang='lat' dir='ltr'><strong>vel</strong></span> <span class='ocrx_word' id='word_1_122' title='bbox 558 2019 624 2055; x_wconf 83' lang='lat' dir='ltr'>raro</span> <span class='ocrx_word' id='word_1_123' title='bbox 636 2005 765 2055; x_wconf 84' lang='lat' dir='ltr'><strong>turberis.</strong></span> <span class='ocrx_word' id='word_1_124' title='bbox 800 2003 874 2055; x_wconf 88' lang='lat' dir='ltr'>Nun·</span> <span class='ocrx_word' id='word_1_125' title='bbox 947 1991 955 2000; x_wconf 60' lang='lat'><em>⁶</em></span> 
     </span>
     <span class='ocr_line' id='line_1_20' title="bbox 82 2087 874 2160; baseline -0.004 -20"><span class='ocrx_word' id='word_1_126' title='bbox 82 2087 874 2160; x_wconf 72' lang='lat' dir='ltr'><strong>quameutemsenttreeliquamtusbationemneceliquam</strong></span> 
     </span>
    </p>
   </div>
   <div class='ocr_carea' id='block_1_8' title="bbox 80 2171 956 2238">
    <p class='ocr_par' dir='ltr' id='par_1_9' title="bbox 80 2171 956 2238">
     <span class='ocr_line' id='line_1_21' title="bbox 80 2171 956 2238; baseline 0 -16"><span class='ocrx_word' id='word_1_127' title='bbox 80 2173 140 2238; x_wconf 81' lang='lat' dir='ltr'><strong>peti</strong></span> <span class='ocrx_word' id='word_1_128' title='bbox 149 2172 293 2224; x_wconf 82' lang='lat' dir='ltr'><strong>cordisvel</strong></span> <span class='ocrx_word' id='word_1_129' title='bbox 303 2173 427 2238; x_wconf 84' lang='lat' dir='ltr'><strong>corporis</strong></span> <span class='ocrx_word' id='word_1_130' title='bbox 437 2171 602 2234; x_wconf 72' lang='lat' dir='ltr'><strong>molestiam,</strong></span> <span class='ocrx_word' id='word_1_131' title='bbox 609 2187 663 2222; x_wconf 88' lang='lat' dir='ltr'><strong>non</strong></span> <span class='ocrx_word' id='word_1_132' title='bbox 674 2173 874 2238; x_wconf 80' lang='lat' dir='ltr'><strong>estpraesentis</strong></span> <span class='ocrx_word' id='word_1_133' title='bbox 953 2195 956 2201; x_wconf 95' lang='lat'>·</span> 
     </span>
    </p>
   </div>
   <div class='ocr_carea' id='block_1_9' title="bbox 78 2254 873 2658">
    <p class='ocr_par' dir='ltr' id='par_1_10' title="bbox 78 2254 873 2658">
     <span class='ocr_line' id='line_1_22' title="bbox 80 2254 873 2322; baseline -0.003 -14"><span class='ocrx_word' id='word_1_134' title='bbox 80 2258 227 2322; x_wconf 83' lang='lat' dir='ltr'><strong>temporis,</strong></span> <span class='ocrx_word' id='word_1_135' title='bbox 247 2255 297 2308; x_wconf 86' lang='lat' dir='ltr'><strong>sed</strong></span> <span class='ocrx_word' id='word_1_136' title='bbox 315 2262 403 2308; x_wconf 82' lang='lat' dir='ltr'><strong>status</strong></span> <span class='ocrx_word' id='word_1_137' title='bbox 423 2261 552 2307; x_wconf 81' lang='lat' dir='ltr'><strong>aeternae</strong></span> <span class='ocrx_word' id='word_1_138' title='bbox 571 2257 680 2322; x_wconf 84' lang='lat' dir='ltr'><strong>quietis.</strong></span> <span class='ocrx_word' id='word_1_139' title='bbox 722 2254 787 2306; x_wconf 87' lang='lat' dir='ltr'><strong>Non</strong></span> <span class='ocrx_word' id='word_1_140' title='bbox 806 2270 873 2322; x_wconf 85' lang='lat' dir='ltr'><strong>ergo</strong></span> 
     </span>
     <span class='ocr_line' id='line_1_23' title="bbox 81 2339 873 2406; baseline -0.001 -14"><span class='ocrx_word' id='word_1_141' title='bbox 81 2342 213 2396; x_wconf 77' lang='lat' dir='ltr'><strong>aestimes</strong></span> <span class='ocrx_word' id='word_1_142' title='bbox 222 2345 250 2392; x_wconf 89' lang='lat' dir='ltr'><strong>te</strong></span> <span class='ocrx_word' id='word_1_143' title='bbox 259 2355 353 2393; x_wconf 81' lang='lat' dir='ltr'><strong>serem</strong></span> <span class='ocrx_word' id='word_1_144' title='bbox 362 2355 458 2406; x_wconf 84' lang='lat' dir='ltr'><strong>pacem</strong></span> <span class='ocrx_word' id='word_1_145' title='bbox 467 2340 619 2401; x_wconf 82' lang='lat' dir='ltr'><strong>invenisse,</strong></span> <span class='ocrx_word' id='word_1_146' title='bbox 634 2340 658 2390; x_wconf 85' lang='lat' dir='ltr'><strong>si</strong></span> <span class='ocrx_word' id='word_1_147' title='bbox 669 2339 772 2390; x_wconf 78' lang='lat' dir='ltr'><strong>nullam</strong></span> <span class='ocrx_word' id='word_1_148' title='bbox 781 2355 873 2391; x_wconf 84' lang='lat' dir='ltr'><strong>sense-</strong></span> 
     </span>
     <span class='ocr_line' id='line_1_24' title="bbox 78 2424 873 2492; baseline -0.003 -16"><span class='ocrx_word' id='word_1_149' title='bbox 78 2427 119 2476; x_wconf 82' lang='lat' dir='ltr'><strong>ris</strong></span> <span class='ocrx_word' id='word_1_150' title='bbox 128 2425 307 2492; x_wconf 83' lang='lat' dir='ltr'><strong>gravitatem,</strong></span> <span class='ocrx_word' id='word_1_151' title='bbox 322 2429 544 2477; x_wconf 81' lang='lat' dir='ltr'><strong>nectunetotum</strong></span> <span class='ocrx_word' id='word_1_152' title='bbox 555 2424 740 2486; x_wconf 78' lang='lat' dir='ltr'><strong>essebonum,</strong></span> <span class='ocrx_word' id='word_1_153' title='bbox 755 2424 873 2476; x_wconf 83' lang='lat' dir='ltr'><strong>sinemi-</strong></span> 
     </span>
     <span class='ocr_line' id='line_1_25' title="bbox 79 2495 873 2576; baseline -0.008 -12"><span class='ocrx_word' id='word_1_154' title='bbox 79 2525 144 2564; x_wconf 82' lang='lat' dir='ltr'><strong>nem</strong></span> <span class='ocrx_word' id='word_1_155' title='bbox 153 2509 258 2576; x_wconf 82' lang='lat' dir='ltr'><strong>pateris</strong></span> <span class='ocrx_word' id='word_1_156' title='bbox 269 2509 465 2573; x_wconf 81' lang='lat' dir='ltr'><strong>adversarium,</strong></span> <span class='ocrx_word' id='word_1_157' title='bbox 480 2524 532 2560; x_wconf 86' lang='lat' dir='ltr'><strong>neo</strong></span> <span class='ocrx_word' id='word_1_158' title='bbox 540 2507 594 2558; x_wconf 85' lang='lat' dir='ltr'><strong>hoe</strong></span> <span class='ocrx_word' id='word_1_159' title='bbox 604 2495 664 2559; x_wconf 68' lang='lat' dir='ltr'><strong>esse</strong></span> <span class='ocrx_word' id='word_1_160' title='bbox 675 2505 836 2574; x_wconf 80' lang='lat' dir='ltr'><strong>perfeetum,</strong></span> <span class='ocrx_word' id='word_1_161' title='bbox 849 2509 873 2558; x_wconf 87' lang='lat' dir='ltr'><strong>si</strong></span> 
     </span>
     <span class='ocr_line' id='line_1_26' title="bbox 80 2589 873 2658; baseline -0.003 -12"><span class='ocrx_word' id='word_1_162' title='bbox 80 2599 181 2646; x_wconf 79' lang='lat' dir='ltr'><strong>cuncta</strong></span> <span class='ocrx_word' id='word_1_163' title='bbox 195 2594 263 2643; x_wconf 84' lang='lat' dir='ltr'><strong>fiant</strong></span> <span class='ocrx_word' id='word_1_164' title='bbox 276 2593 425 2645; x_wconf 87' lang='lat' dir='ltr'><strong>seeundum</strong></span> <span class='ocrx_word' id='word_1_165' title='bbox 438 2600 514 2644; x_wconf 87' lang='lat' dir='ltr'><strong>tuum</strong></span> <span class='ocrx_word' id='word_1_166' title='bbox 530 2589 668 2642; x_wconf 84' lang='lat' dir='ltr'><strong>affectum.</strong></span> <span class='ocrx_word' id='word_1_167' title='bbox 702 2591 800 2658; x_wconf 88' lang='lat' dir='ltr'><strong>Neque</strong></span> <span class='ocrx_word' id='word_1_168' title='bbox 809 2597 873 2644; x_wconf 87' lang='lat' dir='ltr'><strong>tunc</strong></span> 
     </span>
    </p>
   </div>
   <div class='ocr_carea' id='block_1_10' title="bbox 139 2757 350 2809">
    <p class='ocr_par' dir='ltr' id='par_1_11' title="bbox 139 2757 350 2809">
     <span class='ocr_line' id='line_1_27' title="bbox 139 2757 350 2809; baseline -0.009 -8"><span class='ocrx_word' id='word_1_169' title='bbox 139 2763 159 2801; x_wconf 78' lang='lat'><strong>¹·</strong></span> <span class='ocrx_word' id='word_1_170' title='bbox 175 2757 259 2799; x_wconf 75' lang='lat' dir='ltr'><strong>Josnn.</strong></span> <span class='ocrx_word' id='word_1_171' title='bbox 272 2764 304 2809; x_wconf 79' lang='lat'><strong>14,</strong></span> <span class='ocrx_word' id='word_1_172' title='bbox 315 2765 350 2802; x_wconf 70' lang='lat'><strong>2³.</strong></span> 
     </span>
    </p>
   </div>
   <div class='ocr_carea' id='block_1_11' title="bbox 0 0 1043 3068">
    <p class='ocr_par' dir='ltr' id='par_1_12' title="bbox 0 0 1043 3068">
     <span class='ocr_line' id='line_1_28' title="bbox 0 0 1043 3068; baseline 0 0"><span class='ocrx_word' id='word_1_173' title='bbox 0 0 1043 3068; x_wconf 95' lang='lat' dir='ltr'><strong> </strong></span> 
     </span>
    </p>
   </div>
  </div>
 </body>
</html>
