2072 3068
210 210 374 268 uflnlsrr
407 221 476 267 nin.
493 221 536 267 111.
556 223 629 268 css.
648 225 688 271 eo.
705 227 746 272 so.
820 225 872 290 not

75 333 169 388 cumi
204 335 278 398 Quid
286 337 439 404 promeruit
447 312 544 405 homo,
558 336 684 389 uideres
698 338 740 390 illi
753 341 870 406 gretiam

72 419 171 472 tuemi
187 420 316 483 Domine,
324 419 390 486 quid
398 434 510 486 possum
520 421 690 489 conqueri‚si
699 437 743 474 me
753 422 873 486 usserio

72 511 123 556 ant
133 503 202 572 quid
212 505 286 571 juste
302 502 453 555 obtendere
462 518 588 570 possum,
603 506 627 556 si
637 505 711 572 quod
720 511 799 573 peto,
814 523 869 558 non

71 586 196 641 fecerint
231 589 313 640 Certe
327 585 382 640 hoe
397 589 426 640 in
440 589 557 640 veritate
572 590 696 658 cogitare
709 603 822 657 possum
842 597 870 644 ct

72 672 184 726 dicere:
195 673 325 736 Domine,
331 671 474 736 mulsum,
480 671 549 723 nihil
556 687 678 740 possum,
683 671 753 725 nihil
761 673 828 726 boui
835 689 870 726 ex

70 755 234 819 melichon,
249 756 299 808 sed
309 758 337 807 in
348 758 472 808 omnibus
482 757 581 808 deficio
594 762 623 809 et
637 757 672 808 sd
681 756 868 825 nihilsemper
906 753 910 760 ’

70 841 168 894 tendo.
191 841 229 892 Et
236 841 290 892 nisi
300 846 354 893 ate
363 841 443 892 fuero
455 840 565 908 adjutus
575 846 604 892 et
611 842 726 894 interius
735 841 866 894 informe-

10 937 12 958 ³
69 929 125 989 tue,
134 929 214 976 totus
225 924 330 976 efficior
339 924 448 992 tepidus
456 930 487 1008 et
496 925 654 976 dissolutus.

111 1011 147 1060 -2.
167 1010 212 1061 Tu
226 1013 331 1072 eutem,
345 1009 477 1072 Domine,
493 1022 601 1074 semper
614 1008 688 1060 idem
701 1009 762 1074 ipse
778 1024 821 1070 cs,
838 1013 867 1060 et

69 1108 219 1162 permanes
231 1095 262 1144 in
275 1098 417 1145 aeternum
431 1107 541 1159 semper
549 1093 652 1154 bonus,
664 1093 755 1157 justus
766 1097 865 1143 etsen-

69 1185 142 1242 ctus‚'
150 1179 232 1241 hene,
241 1178 317 1245 juste
327 1191 360 1227 ec
369 1181 464 1228 sancte
475 1191 560 1243 egens
571 1176 663 1227 omnio
677 1181 705 1226 et
716 1175 865 1242 disponens

10 1273 14 1292 ’
70 1263 98 1314 in
108 1263 257 1329 sapientia.
294 1250 350 1314 Sed
365 1274 432 1327 ego,
448 1260 495 1326 qui
510 1259 545 1310 ed
555 1258 693 1310 deiectum
707 1273 767 1310 sum
776 1260 864 1326 magis

10 1373 11 1384 π
69 1361 189 1414 pronus,
206 1359 287 1412 quem
298 1345 333 1396 ud
343 1342 510 1412 profectum,
521 1358 576 1395 non
586 1357 763 1410 sumsemper
771 1343 800 1394 in
809 1357 863 1396 uno

69 1429 865 1498 stetupcrdurans3quieseptemtemporamutsnttmsuper

68 1529 121 1568 me.
158 1513 356 1568 Verumtamen
371 1514 425 1566 cito
440 1513 538 1565 melius
548 1512 588 1576 fit,
599 1525 659 1564 cum
668 1513 720 1565 ubi
729 1513 864 1579 placuerit
887 1530 894 1542 *

69 1605 219 1652 etmanum
228 1597 386 1665 porreireris
396 1598 572 1665 adjutricem:
592 1597 657 1664 quia
669 1602 700 1650 tu
713 1597 789 1649 solus
804 1597 863 1648 sine

10 1683 13 1692 ¹
68 1682 189 1753 humano
200 1681 334 1750 suffragio
345 1681 449 1749 poteris
460 1679 597 1743 auxiliari,
608 1687 637 1732 et
644 1681 673 1731 in
681 1686 787 1732 tentum
798 1695 861 1732 con·

67 1769 192 1830 firmare,
202 1772 234 1818 ut
241 1767 333 1818 miltus
342 1781 419 1837 meqs
430 1763 545 1831 emplius
554 1764 583 1814 in
593 1763 702 1816 diverse
710 1779 765 1816 non
774 1769 860 1816 mute·

66 1858 120 1916 tur,
130 1850 220 1903 sedin
229 1855 257 1902 te
266 1865 321 1902 uno
333 1862 480 1900 cormeum
490 1849 702 1898 conversaturos
711 1848 843 1915 quiescet.
932 1897 935 1905 ,

12 1972 15 1982 ·
116 1949 143 1999 3.
161 1945 240 1998 Unde
256 1947 280 1997 si
293 1947 364 1997 bene
377 1945 477 1994 scirem
489 1954 597 1992 omnem
607 1939 753 1993 humanam
763 1955 860 1993 conso·

67 2024 860 2096 lationemabjicere,sivepropterdcvotionemadipiscen-

10 2137 12 2146 ’
68 2118 133 2169 (lem
150 2111 341 2182 sive⁸proptcr
359 2111 566 2172 necessitatem,
590 2123 644 2176 que
661 2108 859 2176 compellente

61 2211 219 2267 -quaerere,
239 2192 304 2262 quia
321 2211 377 2247 nou
395 2193 548 2255 cochomo,
568 2194 615 2260 qui
628 2207 672 2244 me
688 2191 859 2243 consoletur:

10 2287 11 2340 j
68 2288 133 2334 tuuc
142 2295 254 2348 possem
267 2281 366 2331 merito
378 2279 412 2330 de
422 2279 571 2347 gratiatue
580 2291 692 2343 sperare
705 2281 732 2328 et
742 2275 776 2327 dc
786 2275 887 2356 dono!
953 2314 959 2319 .

69 2379 157 2416 novae
168 2364 367 2415 consolationis
378 2363 525 2415 exsultare.

87 2484 91 2486 -
117 2448 144 2498 i.
163 2446 349 2509 (iratissimi,
364 2447 437 2498 unde
447 2445 627 2508 totumrcnit,
643 2447 858 2514 quotiescunque

69 2531 137 2584 mihi
149 2532 222 2584 bene
236 2531 368 2584 succedit.
403 2531 464 2596 Ego
481 2534 573 2580 eutem
582 2529 689 2581 vanitas
704 2535 732 2582 et
745 2527 860 2580 nihilum

71 2622 133 2672 ente
146 2621 188 2679 tc,
206 2616 366 2668 inconstans
380 2603 463 2664 homo
484 2618 513 2664 ct
529 2613 660 2664 infirmus.
695 2613 773 2666 Unde
793 2627 860 2679 ergo

21 2817 22 2820 ,
126 2786 147 2826 2·
163 2786 274 2834 septem
291 2761 761 2836 temporesqq.of.nsn.⁴‚‘1s.2o.2u.

902 317 905 345 i
