2066 3064
174 183 225 236 106
418 190 469 236 DE
488 191 727 239 ΙΜΙΤΛΤΙΟΝΕ

432 452 591 513 CAPUT
627 454 731 517 xw..

252 585 295 640 De
314 589 423 640 occultis
442 587 497 638 Dei
507 585 619 654 judiciis
639 591 847 656 considerandis,
870 611 903 646 ae

421 673 580 723 extollamur
597 673 625 724 in
645 674 728 726 lenm.

189 819 194 836 '
226 834 251 884 1.
269 807 387 882 latenas
401 846 485 898 super
497 847 542 884 me
549 833 656 900 judicia
670 841 733 898 tue,
747 835 885 900 Domine,
902 844 934 889 et
947 841 979 889 ti-

177 933 254 970 more
265 933 298 969 ae
306 923 428 970 tremore
439 921 562 971 eoneutis
574 921 666 970 omnia
678 935 744 972 ossa
756 935 833 984 mea,
850 930 881 974 et
894 937 978 990 expa-

175 1003 264 1054 vescit
273 1004 365 1074 anima
373 997 437 1055 m‘ea
445 1003 535 1056 valde.
571 1001 621 1055 Sto
632 1006 765 1056 attonitus
776 1012 805 1056 et
815 1007 977 1069 considero,

176 1087 241 1154 quia
268 1087 361 1140 coeli
388 1103 453 1139 uon
481 1093 559 1139 sunt
585 1087 698 1139 mundi
725 1089 759 1138 in
784 1097 977 1158 conspectu

174 1179 242 1222 tuo.
288 1171 319 1225 Si
341 1149 375 1224 Ῑιι
399 1171 534 1239 angelis
556 1169 725 1238 reperisti
751 1174 977 1239 pravitatem,

174 1269 225 1306 nec
238 1261 331 1306 tamen
339 1255 502 1322 pepercisti,
518 1255 584 1322 quid
600 1256 648 1306 fiet
662 1255 696 1306 de
711 1255 772 1308 mei
807 1257 978 1309 Ceciderunt

175 1339 274 1390 stellae
284 1337 319 1389 de
329 1339 425 1400 coelo,
437 1345 466 1389 et
475 1353 528 1405 ego
538 1339 629 1405 pulvis
640 1340 704 1407 quid
715 1339 881 1406 praesumot
901 1342 978 1406 Que-

174 1436 235 1472 rum
251 1436 338 1488 opera
349 1421 514 1472 ridebantur
528 1422 694 1487 laudabilia,
710 1424 872 1476 ceciderunt
886 1425 923 1476 ad
938 1427 978 1477 in·

176 1507 253 1568 tima,
265 1509 293 1556 et
302 1506 349 1572 qui
359 1505 542 1557 comedebant
551 1519 649 1574 panem
660 1508 837 1576 angelorum,
849 1507 909 1558 vidi
920 1509 977 1560 sili-

177 1587 548 1656 quisdelectariporeorum.
831 1635 836 1654 ,

227 1673 252 1722 2.
270 1671 355 1723 Nulla
369 1680 412 1725 est
422 1689 489 1742 erge
500 1677 646 1739 sanctitas,
662 1676 686 1726 si
695 1687 806 1728 manum
815 1681 908 1738 tuam,
919 1677 978 1728 Do·

175 1757 257 1819 mine,
268 1755 423 1810 subtrahas.
458 1758 543 1810 Nulla
551 1759 667 1827 prodest
676 1761 822 1827 sapientia,
837 1759 862 1810 si
873 1761 978 1827 guber·

175 1855 242 1894 nare
257 1842 385 1895 desistas.
420 1842 590 1910 Nullajurat
601 1843 751 1907 fortitudo,
766 1844 791 1894 si
806 1858 978 1896 conservare

175 1922 294 1977 desinas.
323 1925 406 1978 Nulla
416 1943 515 1980 secura
524 1929 646 1990 castitas,
658 1929 682 1978 si
693 1943 754 1979 eam
764 1943 819 1979 non
829 1932 976 2000 protegas.

106 2001 112 2010 “
174 2007 258 2061 Nulla
266 2013 380 2078 propria
385 2012 500 2079 prodest
509 2011 645 2074 custodia,
652 2013 676 2062 si
685 2027 741 2063 non
751 2012 825 2062 adsit
833 2017 883 2062 tua
893 2027 978 2064 saera

173 2093 325 2161 vigilantia.
360 2097 431 2148 Nam
445 2097 537 2148 relicti
551 2097 701 2162 mergimur
716 2102 744 2147 et
755 2096 892 2162 perimus,
909 2098 975 2148 visi-

72 2171 78 2182 '
173 2180 224 2229 tati
244 2196 310 2232 rere
335 2182 468 2247 erigimur
490 2185 519 2232 et
536 2180 661 2230 vivimus.
700 2179 847 2230 Instabiles
870 2181 974 2248 quippe

109 2273 113 2278 ·
172 2275 275 2325 sumus,
286 2263 335 2315 sed
345 2280 396 2330 per
404 2271 432 2314 te
443 2264 648 2325 contimramurt
667 2265 843 2329 tepescimus,
855 2263 908 2314 sed
920 2280 937 2315 a
947 2271 974 2316 te

104 2363 108 2374 ·
174 2347 357 2398 accendimur.

223 2430 248 2480 3.
268 2432 291 2480 0
306 2447 387 2497 quam
402 2431 542 2482 humiliter
557 2436 585 2481 et
599 2430 706 2496 abjecte
720 2429 787 2482 miln'
802 2430 836 2481 de
851 2419 978 2498 meipsa

172 2511 344 2562 sentiendum
357 2521 412 2576 est,
423 2528 503 2580 quam
513 2509 581 2563 nihil
591 2513 777 2578 pendendum,
793 2514 817 2566 si
828 2513 972 2581 quidboni

174 2593 271 2645 ridear
289 2593 405 2646 habere!
441 2597 565 2662 oquam
584 2595 720 2660 profunde
743 2596 908 2648 submittere
929 2612 972 2648 me

232 2763 251 2801 r.
267 2759 319 2800 tor.
331 2762 400 2812 15,1⁵
412 2763 505 2807 esse.
