2080 3058
172 221 222 268 rus
269 202 272 209 '
412 219 462 264 nn:
487 218 725 264 rurrnrrcur

173 335 249 386 nulla
259 333 413 386 consolatio
424 332 506 384 valet.
543 332 608 386 Sine
617 339 646 384 te
655 349 717 385 esse
727 327 898 400 nequccset
909 337 970 388 sine

172 419 331 470 visitatione
349 422 398 469 tus
410 417 503 468 rivere
518 431 574 468 uon
589 417 678 468 valeo.
712 416 835 484 ideoque
856 425 971 484 oportet
1004 475 1007 487 ,

173 519 216 555 me
226 501 387 570 frequenter
401 500 436 551 ad
446 506 473 550 te
484 499 617 551 accedere
632 501 860 553 etinremedium
869 503 970 554 salutis

173 603 252 639 meae
261 569 395 652 recipere,
406 599 440 635 ne
450 583 524 635 forte
535 583 660 635 deficiam
669 585 698 634 in
708 585 762 648 via,
776 585 800 636 si
809 585 893 637 fuero
905 601 969 638 cce·

173 672 238 733 lesti
246 669 390 722 fraudatus
401 667 541 718 alimonia.
578 667 624 718 Sic
634 669 706 718 enim
716 675 755 731 tu,
765 669 969 722 misericordis·

174 756 243 805 sime
252 753 331 814 iesu,
348 751 512 817 praedicans
525 751 635 817 populis
649 757 678 803 et
690 754 783 803 varios
798 767 900 804 curans
910 754 969 804 lan·

174 853 285 905 guores‚
297 835 446 902 aliquando
457 835 563 886 dixisti:
583 833 670 886 Nolo
690 850 748 886 eos
765 836 905 902 jejunos
924 838 970 889 di·
1016 845 1028 868 ⁸

174 923 312 972 mittere
329 921 359 970 in
374 919 485 971 domurn
500 933 591 981 suam,
610 935 649 971 ne
668 919 834 971 deficiant
851 921 886 971 in
904 922 970 974 via.

174 1008 232 1073 Age
241 1005 327 1074 igitur
336 1001 390 1055 hoe
398 1019 505 1056 mecum
514 1002 608 1066 modo,
616 1004 662 1070 qui
671 1009 699 1055 te
709 1018 758 1070 pro
770 1003 893 1055 fidelium
903 1018 970 1056 con·

174 1091 313 1143 solatione
325 1089 355 1140 in
365 1094 538 1140 sacramento
547 1087 693 1154 reliquisti.
729 1089 773 1142 Tu
783 1103 812 1139 es
823 1089 896 1140 enim
907 1104 979 1141 sua·.

175 1177 217 1226 vis
235 1173 354 1226 refectio
374 1174 491 1235 aristae,
511 1177 540 1224 et
553 1172 641 1238 quite
655 1170 738 1238 digne
751 1170 971 1236 manducaverit,

175 1260 314 1327 particeps
328 1263 356 1309 et
369 1255 468 1309 haeres
478 1257 532 1308 erit
541 1260 671 1306 aeternae
680 1256 796 1322 gloriae.
832 1256 971 1310 Necessa-

174 1347 245 1396 rium
255 1343 366 1412 quidem
375 1339 443 1393 mihi
452 1345 509 1403 est,
526 1340 572 1406 qui
581 1346 637 1390 tarn
647 1354 731 1406 saepe
740 1339 821 1392 labor
833 1346 862 1391 et
871 1356 970 1406 pecco,

175 1435 231 1478 tam
241 1429 296 1480 cito
306 1432 436 1491 torpesco
448 1430 476 1476 et
485 1423 685 1489 deficio‚utper
693 1422 852 1490 frequentes
860 1417 970 1478 “oratio-
1024 1457 1028 1462 -

174 1526 223 1562 ces
234 1516 262 1560 et
272 1507 462 1560 confessiones
473 1511 502 1558 et
507 1519 617 1576 'samam
628 1508 753 1573 corperis
761 1509 803 1559 tui
811 1512 970 1576 perceptio·

175 1609 237 1646 nem
254 1605 298 1644 nie
315 1603 459 1654 renovem,
473 1589 602 1641 mundam
621 1596 650 1642 et
666 1592 827 1655 accendam,
844 1609 880 1646 ue
893 1593 970 1648 forte

176 1678 277 1730 diutius
288 1675 450 1727 abstinendo
462 1679 584 1727 assueto
594 1676 739 1742 proposito
749 1675 882 1730 defluam:

225 1773 249 1824 3.
268 1771 373 1823 Proui
404 1771 477 1822 enim
506 1775 584 1822 sunt
610 1785 727 1823 sensus
754 1771 900 1826 huminis
928 1775 969 1825 ad

175 1858 295 1909 malum
313 1857 352 1908 ab
371 1854 608 1906 adolescentia
626 1869 699 1918 sua,
716 1857 971 1910 etnicisuccurrst

176 1943 268 1993 divina
280 1927 428 2001 meiiicina,
447 1939 550 1991 labitur
559 1937 642 1990 horno
652 1953 718 1990 mox
727 1940 762 1991 ad
772 1941 879 2007 pejora.
915 1942 969 1993 Re-

175 2023 260 2077 trahit
270 2039 338 2092 ergo
348 2029 444 2074 sancta
454 2023 608 2076 communic
620 2024 732 2086 amalo,
752 2029 781 2075 et
789 2022 933 2076 confortat
941 2028 970 2076 in

176 2113 258 2161 bono.
290 2107 321 2161 Si
330 2107 402 2160 enirn
411 2107 655 2173 modotamsaepe
665 2093 808 2174 negligens
818 2123 879 2159 sum
890 2114 969 2162 ette-

176 2195 264 2260 pidus,
276 2191 385 2260 quando
396 2193 567 2242 communico
578 2196 627 2241 aut
636 2189 757 2254 celebro,
768 2191 833 2258 quisi
842 2192 933 2256 tieret,
944 2195 968 2244 si

176 2277 312 2329 medelam
327 2290 382 2326 non
397 2290 534 2328 sumerem
550 2280 647 2327 ettam
661 2275 766 2342 grande
773 2275 968 2341 juvmennon

176 2359 353 2427 quaererent
386 2360 422 2412 Et
436 2360 503 2411 licet
517 2359 591 2411 omn
600 2358 710 2411 dienen
720 2361 771 2410 uni
781 2361 969 2426 aptusnecsd

177 2443 369 2495 celebrandum
387 2445 458 2496 hene
477 2443 725 2510 dispositissime
743 2450 835 2494 temen
854 2457 968 2510 operam

177 2527 306 2592 congruis
320 2528 491 2592 temporibus
507 2527 599 2578 divina
616 2529 759 2594 percipere
776 2527 921 2593 mysteria,
936 2543 969 2579 ae

176 2618 269 2659 tantae
283 2611 390 2674 gratim
400 2613 562 2678 participem
576 2625 619 2663 me
629 2612 773 2678 praebere.
808 2610 880 2661 Nam
899 2611 969 2663 haec

231 2777 251 2814 2.
265 2771 346 2814 Metti.
358 2777 391 2822 15,
401 2776 435 2815 32.
449 2797 478 2807 -
505 2779 526 2818 8.
542 2775 624 2820 Gener.
636 2781 656 2825 8.
666 2781 692 2819 21
