2072 3068
147 150 179 205 88
374 148 444 198 on:
461 101 703 215 insessione:

427 443 585 503 CAPUT
619 443 664 499 V·
766 479 770 486 -

149 563 151 569 ,
260 575 263 580 ’
285 575 328 636 De
348 580 465 636 mirabili
483 579 581 651 effectu
600 578 682 632 divini
700 578 808 636 amoris.
827 649 833 660 ι

197 762 223 812 1.
240 737 386 812 Benedico
406 765 448 824 tc,
467 763 547 826 pater
565 753 710 820 coelestis,
730 755 947 824 pateassomini.

147 845 203 896 mei
215 845 283 901 Jesn
292 841 412 916 §haisti
428 845 493 914 quia
506 843 562 910 mei
575 841 848 910 pauperisdignalus
863 857 893 896 es
903 857 946 908 te·

148 928 267 999 cordari-
304 925 327 981 0
346 934 427 997 pater
444 927 698 980 misericordiarum
717 931 744 976 et
761 926 839 990 Deus
859 929 947 980 totius

148 1013 362 1078 consolationis,
379 1015 487 1084 gratias
505 1012 569 1074 tibi,
589 1011 635 1079 qui
654 1025 698 1061 me
712 1009 855 1080 indignum
871 1012 948 1066 omni

148 1099 339 1152 consolatione
359 1098 525 1167 quandoque
544 1101 722 1152 marcorem
741 1089 947 1149 consolatione..

147 1183 287 1235 Benedico
303 1188 331 1234 te
347 1197 457 1252 semper
471 1186 500 1234 et
508 1180 635 1248 glorifico
652 1193 713 1232 cum
725 1179 870 1252 unigenito
882 1179 948 1233 lilio

148 1275 196 1318 tuo
214 1273 242 1319 et
252 1267 350 1334 spiritu
365 1271 461 1318 sancto
472 1263 635 1326 Paracleto,
650 1263 678 1316 in
692 1262 806 1314 saecula
819 1264 948 1326 saeculo·

147 1366 217 1402 rum.
252 1349 305 1402 Eia
318 1351 440 1402 Domine
453 1349 545 1420 Deus,
560 1352 669 1399 amator
678 1352 773 1398 sande
782 1362 874 1412 meus,
885 1363 949 1405 cum

147 1441 178 1487 tu
193 1435 301 1488 veneris
315 1435 344 1486 in
356 1447 504 1486 cormeum
515 1432 691 1484 exsultabunt
705 1431 950 1488 omniainterioaa

148 1534 220 1572 mea.
256 1520 300 1569 Tu
311 1533 340 1570 es
351 1517 443 1586 gloria
452 1529 515 1568 mea
530 1522 559 1568 et
569 1516 719 1576 exsultatio
729 1514 821 1568 condis
830 1517 898 1580 mei;
918 1524 949 1573 tu

149 1617 213 1671 spes
223 1616 286 1654 mea
296 1600 472 1668 etrefogium
481 1599 948 1654 meumindietnibidatioaismeaa·

199 1689 224 1738 ².
244 1685 300 1741 Sed
311 1683 375 1754 quia
386 1683 476 1752 adhue
486 1683 585 1736 debilis
595 1699 655 1736 sum
664 1685 693 1734 in
703 1698 799 1738 amore
810 1690 839 1738 et
846 1685 949 1754 impet-

148 1770 238 1826 fcctns
248 1771 276 1823 in
285 1771 401 1838 virtute,
416 1769 481 1822 ideo
496 1767 712 1822 necassehabeo
728 1775 783 1823 ate
793 1769 949 1829 confortati

149 1861 178 1908 et
187 1855 335 1908 consolati.
366 1853 522 1922 Propterea
531 1855 613 1906 visita
622 1869 666 1906 me
677 1853 797 1922 saepius,
805 1860 833 1906 at
841 1855 948 1910 instme

149 1939 302 2008 disciplinis
313 1940 425 2003 sanctis.
460 1939 565 1992 Libera
578 1953 623 1990 me
640 1954 657 1990 a
670 1938 846 2006 passionibus
855 1939 948 2003 malis,

149 2011 177 2074 et
191 2039 259 2077 sana
273 2039 322 2076 cor
336 2038 428 2078 meum
442 2023 619 2090 ablomnibus
634 2021 828 2076 affectionibus
841 2023 947 2076 inordi-
985 2085 987 2090 ¹

147 2107 229 2172 natis,
239 2113 270 2158 ut
278 2108 351 2159 intus
362 2113 475 2159 sanatus
488 2113 516 2158 et
524 2107 596 2160 bene
605 2113 739 2176 purgatos
749 2095 829 2174 aptos
840 2107 948 2161 efficiar
959 2129 963 2136 ·

147 2188 183 2240 ad
199 2190 359 2258 amandum,
373 2190 455 2244 fortis
471 2191 507 2246 ad
521 2191 694 2260 patiendum,
709 2189 818 2244 stabilis
833 2189 870 2242 ad
884 2205 947 2257 pet·

146 2274 339 2330 annotandum.
662 2337 664 2343 ,
922 2326 924 2334 ,

198 2357 222 2408 3.
240 2358 399 2426 Magnetes
410 2357 946 2428 estamoretmagnumomninobonum,

149 2441 224 2509 quod
234 2441 324 2493 solum
333 2442 394 2496 leve
405 2443 472 2497 iacit
482 2458 563 2497 omne
578 2457 726 2495 onerosum
742 2441 835 2494 etiert
844 2456 947 2509 aequa·

125 2585 128 2593 Ι
149 2525 214 2578 liter
229 2539 309 2576 omne
323 2526 480 2594 inaequale.
514 2527 586 2580 Nam
601 2540 670 2578 onus
683 2527 743 2578 sine
757 2539 842 2576 onere
852 2531 948 2591 portat

149 2615 178 2659 et
197 2622 277 2658 omne
297 2622 419 2658 amarum
438 2608 518 2661 dulce
537 2625 571 2661 ac
589 2609 715 2680 sapidum
732 2609 827 2660 efficit.
862 2609 948 2660 Amor

150 2690 216 2740 Jcsu
227 2689 327 2740 nobilis
339 2689 374 2740 ad
384 2704 484 2757 magna
499 2692 641 2759 operanda
650 2693 780 2758 impellit,
791 2698 820 2743 et
829 2690 864 2743 ad
875 2691 946 2744 desi·
