2072 3068
19 2793 36 2824 k

165 203 198 256 m
403 205 455 253 un
477 203 741 268 rurrsrrouu

93 296 98 304 N
164 321 278 374 ditatam
301 335 351 373 sen
369 319 684 404 anxietatem-mentis,
700 331 781 387 quam
802 321 906 382 nentis,
929 326 959 373 te

163 405 288 457 totaliter
306 405 441 474 negligas.
961 457 966 463 .

212 499 237 548 2.
255 497 337 548 Multi
347 499 501 560 enim'sunt,
513 496 569 564 qui,
582 495 787 548 mimnonbene
797 497 838 548 eis
848 511 959 550 sucees-
990 533 994 535 -

161 581 243 643 serit,
262 581 356 632 statim
373 582 550 648 impatientes
567 580 636 632 finnt
654 584 702 631 aut
720 579 841 634 desides.
883 578 959 633 Non

162 665 234 716 enim
246 678 357 731 eemper
374 671 427 716 est
443 666 473 716 in
485 669 625 732 potestate
640 663 784 716 hominis
797 665 853 716 via
866 665 957 732 ejus,

88 737 94 754 ’
160 747 957 817 sedDeiestdareeteonsolari,quandomltetquantum

160 832 220 884 vult
229 837 258 884 et
270 833 316 884 aui
324 833 396 895 sult,
409 833 482 885 sieut
490 832 545 886 sibi
553 826 704 900 placuerit,
718 839 746 885 et
759 847 815 884 uon
828 832 956 899 amplius.

161 915 280 978 Quidam
294 917 398 969 incauti
407 923 522 985 propter
535 919 691 971 devotionis
705 919 824 986 gratiam
838 917 957 984 seipsos

69 1030 73 1038 ·
160 999 363 1065 destruxerunt,
371 1003 435 1070 quia
443 1004 505 1070 plus
516 1017 600 1071 agere
609 1003 764 1066 voluerunt,
772 1007 957 1068 quampotue·

158 1091 236 1150 runt,
251 1100 307 1140 non
321 1093 469 1153 pensantes
483 1097 551 1140 suae
564 1087 709 1155 parvitatis
721 1100 892 1148 mensuram,
905 1085 958 1136 sed

159 1173 250 1238 magis
260 1171 352 1224 cordis
363 1171 494 1224 affectum
502 1179 659 1241 sequentes,
666 1185 749 1239 quam
758 1169 875 1222 rationis
884 1168 958 1236 judi-

161 1257 241 1308 cium.
276 1257 313 1308 Et
331 1258 396 1324 quia
414 1259 523 1329 majora
540 1261 780 1324 praesummat,
798 1267 881 1321 quam
893 1253 957 1305 Deo

160 1339 292 1407 placitum
301 1339 363 1404 fuit,
373 1340 478 1394 ideirco
488 1343 672 1408 gratismoito
681 1337 869 1408 perdiderunt.
904 1335 959 1388 Fe-

162 1425 198 1474 oti
213 1431 277 1475 eunt
289 1425 388 1489 inopes
403 1430 432 1476 et
445 1424 514 1476 viles
523 1425 629 1488 relicti,
646 1423 730 1492 quiin
740 1421 849 1474 eoelum
857 1434 958 1487 posue·

159 1513 225 1559 runt
233 1506 327 1557 nidum
337 1507 404 1570 sibi,
424 1514 455 1558 ut
465 1507 604 1570 humiliati
617 1515 644 1560 et
659 1505 841 1575 depauperati
851 1503 961 1556 discant

162 1591 255 1640 nonin
266 1589 385 1642 nlissuis
395 1591 504 1656 volare,
519 1592 570 1644 sed
583 1593 633 1644 sub
643 1592 741 1660 pennis
755 1589 825 1641 meis
835 1603 959 1654 sperare.

163 1673 217 1734 Qui
232 1670 321 1725 adhuc
334 1675 398 1726 novi
413 1682 477 1727 sunt
491 1671 519 1729 e't
531 1678 653 1745 imperiti
667 1677 695 1727 in
708 1677 754 1726 via
763 1673 890 1737 Domini,
905 1673 962 1725 nisi

161 1759 279 1810 oonsilio
290 1745 473 1811 discretorum
488 1767 648 1830 seregent,
663 1759 785 1835 (aniliter
795 1758 886 1824 decipi
895 1772 961 1824 pos-

160 1849 262 1895 suntet
272 1843 347 1894 elidi.

176 1969 186 1998 x
210 1927 234 1979 3.
255 1927 338 1988 Quod
352 1928 376 1978 si
390 1941 469 1978 suum
479 1929 582 1980 sentire
591 1930 681 1996 magis
693 1930 786 1996 sequi,
803 1941 885 1994 quam
895 1927 960 1978 aliis

160 2013 319 2063 exercitatis
330 2001 554 2076 crederevolunt,
561 2015 614 2065 erit
624 2015 665 2066 eis
674 2012 847 2080 periculosus
858 2012 960 2075 exitus,

159 2095 183 2144 si
192 2101 286 2146 tamen
295 2093 401 2147 retrahi
411 2110 428 2146 a
438 2097 550 2163 proprio
563 2103 698 2163 conceptu
707 2097 856 2148 noluerint.
876 2095 959 2148 'Raro

153 2178 211 2229 ‘sibi
226 2180 294 2244 ipsis
308 2181 449 2246 sapientes
465 2181 499 2232 ab
511 2181 573 2232 aliis
582 2183 645 2248 regi
654 2179 796 2234 humiliter
805 2181 958 2246 patiuntur.

96 2317 102 2333 ,
157 2259 260 2312 Melius
276 2267 319 2314 est
332 2278 432 2332 sapere
440 2264 580 2317 modicum
594 2279 654 2316 eum
664 2263 819 2317 humilitate
833 2269 960 2331 etparva

157 2343 356 2412 intelligentia,
373 2363 454 2416 quam
467 2349 561 2416 magni
574 2347 750 2401 scientiarum
759 2347 885 2400 thesauri
894 2362 959 2398 eum

158 2443 230 2478 vane
245 2432 455 2504 complacentia.
490 2433 593 2484 Melius
613 2439 656 2484 est
672 2434 722 2485 tibi
737 2433 826 2484 minus
840 2429 958 2493 habere,

159 2525 240 2578 quern
249 2515 364 2567 multum
374 2517 447 2569 unde
458 2531 555 2583 posses
565 2517 717 2584 superbire.
748 2515 811 2568 Non
821 2515 891 2566 eatis
902 2515 960 2566 dis-

159 2603 233 2647 crete
249 2601 319 2666 agit,
330 2603 376 2668 qui
391 2617 421 2654 se
432 2607 525 2659 ¹totum
539 2601 664 2654 laetitiae
678 2599 776 2663 tradit,
789 2598 960 2651 obliviscens

159 2708 474 2730 Μ

214 2767 233 2806 2.
249 2764 379 2823 teremit),
390 2771 424 2823 28·
436 2803 439 2812 .
