2080 3058
208 194 388 256 ‘cumsrr
420 203 546 255 ursui
566 209 639 254 css.
658 189 748 255 sossi.
835 208 885 260 103

319 506 477 564 CAPUT
514 509 654 566 XLvll.

151 625 238 690 Quod
257 627 347 678 omnia
362 626 461 694 gravia
475 643 528 693 pro
548 639 658 682 aelerna
677 629 732 680 vita
751 605 814 679 suot

409 711 556 764 tolerando.

40 931 44 939 Ι
125 875 152 924 l.
171 851 251 936 Fili,
262 887 318 923 non
326 870 355 925 te
365 871 495 940 frangunt
503 873 629 936 labores,
644 890 713 941 quos
725 875 880 928 assumsisti

70 966 192 1028 propter
201 975 264 1022 me,
278 973 330 1023 nec
340 959 534 1010 tribulationes
544 965 572 1010 te
583 959 716 1028 dejiciant
724 958 886 1030 usquequo-'

72 1058 142 1112 quc;
160 1043 215 1096 sed
224 1057 290 1094 mee
299 1044 446 1109 promissio
456 1044 484 1094 in
495 1044 570 1093 omni
580 1050 679 1096 eventu
689 1051 717 1097 te
726 1047 843 1098 roboret
853 1054 881 1096 et

72 1129 252 1181 consoletur.
279 1127 340 1194 Ego
351 1127 490 1178 sufficiens
500 1141 560 1177 sum
571 1127 606 1178 ad
615 1127 786 1180 reddendum
796 1143 881 1196 supra
901 1174 906 1186 ,
970 1129 974 1136 ’

72 1205 188 1265 omrem
197 1210 313 1264 modum
323 1216 352 1262 et
360 1223 525 1261 mensuram.
544 1209 607 1262 Non
617 1210 665 1262 diu
675 1209 878 1276 hicleborabis‚

72 1311 126 1350 nec
140 1310 259 1366 semper
273 1294 434 1362 gravaberis
450 1292 602 1346 doloribus.
637 1295 776 1364 Exspecta
790 1296 878 1362 pauli-

71 1377 435 1448 sper,etridcbiseelcrem
445 1377 528 1430 finem
536 1378 684 1430 malorum.
713 1381 815 1433 Veniet
823 1396 879 1431 una

72 1463 155 1532 hora,
166 1463 281 1534 quando
293 1464 413 1516 cessabit
422 1463 510 1514 omnis
521 1463 602 1518 labor
611 1469 640 1516 et
648 1465 790 1516 tumultus.
816 1465 877 1516 Mo·

75 1550 171 1603 dicum
182 1554 227 1603 est
236 1549 357 1602 etbrere
367 1563 463 1613 omne,
477 1548 552 1617 quod
561 1550 661 1602 transit
670 1564 731 1601 cum
739 1554 875 1616 tempore.

125 1637 152 1688 2.
171 1636 247 1702 Age,
259 1633 333 1704 quod
343 1635 416 1702 egis:
437 1634 559 1686 fideliter
567 1633 794 1686 loborainrines
803 1647 875 1696 ures,

73 1733 129 1788 ego
142 1731 193 1770 ero
206 1731 312 1771 merces
322 1721 379 1768 tua.
403 1717 508 1780 Scribe,
519 1718 591 1784 lege,
602 1723 692 1781 cente,
702 1731 792 1786 geme,
802 1723 875 1780 tace,

73 1818 142 1866 ora,
158 1801 265 1854 sustine
278 1799 397 1852 viriliter
411 1802 565 1863 contraria
583 1801 669 1868 dignu
683 1806 725 1853 est
735 1799 777 1852 bis
789 1803 876 1852 omni»

72 1887 127 1938 bus
144 1892 174 1937 et
186 1883 338 1950 majoribus
352 1884 467 1951 praeliis
481 1885 539 1934 vite
553 1890 676 1936 aeterna.
709 1884 875 1951 Venietpax

72 1972 103 2021 in
119 1969 167 2022 die
183 1981 250 2032 uns,
266 1982 338 2036 quae
351 1973 419 2018 notu
434 1968 619 2030 ertDomino,;
639 1973 668 2019 et
682 1969 735 2019 erit
748 1982 803 2018 non
814 1967 873 2020 dies

75 2069 169 2122 neque
179 2067 235 2105 nox
244 2051 325 2120 hujus
335 2052 444 2104 scilicet
452 2052 599 2119 temporis,
614 2050 665 2108 sed
673 2051 721 2101 lux
730 2057 873 2118 perpetus,
919 2094 923 2102 .

76 2139 192 2190 claritas
206 2137 328 2200 infinite,
342 2151 397 2204 pax
410 2137 490 2188 firma
504 2142 533 2187 ct
543 2137 658 2204 requies.
668 2150 776 2187 secura.
810 2136 874 2188 Non

77 2222 156 2273 dices
173 2228 251 2274 tunc:
279 2222 362 2283 Quis
389 2235 437 2274 me
464 2219 633 2273 liberabit
660 2219 699 2271 (ie
727 2233 873 2286 corpore

13 2327 15 2330 ·
76 2307 201 2356 mortis
228 2302 344 2372 hujusi
382 2303 479 2374 Neque
499 2303 645 2356 clamabiss
676 2304 751 2356 Heu
776 2302 872 2367 mibi,

77 2389 368 2457 quia·incolatus
404 2404 504 2442 meus
538 2387 768 2456 prolongutus
804 2388 871 2440 est!

19 2465 23 2472 ’
78 2474 209 2540 quoniam
219 2474 529 2542 praecipitabimus
542 2478 570 2526 st
578 2473 655 2526 *suus
667 2473 720 2524 erit
728 2471 873 2525 misfece-
976 2483 983 2490 ·

75 2572 126 2620 va,
143 2558 268 2610 onustus
277 2557 367 2622 nullu,
374 2558 533 2626 jucunditas
542 2558 639 2621 beata,
653 2558 773 2610 societas
784 2556 872 2608 dulcis

77 2642 226 2696 etdecore.

132 2781 152 2821 2.
168 2777 232 2821 Rom.
244 2780 308 2828 ml.
338 2774 424 2818 Pesla.
437 2779 476 2819 110
488 2777 559 2832 (12⁰),
570 2781 589 2819 b.

598 2857 603 2867 ’
615 2851 638 2902 L
648 2852 664 2900 2
