2072 3068
75 193 77 200 ’
158 176 208 229 138
403 176 453 224 DE
471 176 711 230 rmtrsulouu

36 2818 65 2840 h

207 299 233 346 ².
251 295 293 346 Ad
302 292 357 346 hoc
365 311 466 364 magna
472 296 625 364 requiritur
633 296 737 362 gratia,
751 309 822 362 quae
833 297 952 349 animum

157 381 231 432 levet
246 385 274 432 ct
288 395 371 446 supra
385 387 474 436 censet
486 381 683 448 ipssmrepiut.
719 379 817 433 bltnisi
826 379 911 434 bomo
923 382 953 434 fit

155 464 292 530 inspiritu
302 464 427 516 elevatus
437 471 466 516 ct
478 466 515 516 ab
531 466 657 518 omuibus
673 465 807 516 creaturis
817 463 952 518 liberatos

16 551 17 616 l
122 537 129 544 ’
155 565 189 601 ac
201 549 264 602 Dec
278 554 356 600 totus
367 550 473 612 unitus,
488 549 621 616 quidquid
635 550 702 611 soit,
719 547 852 616 quidquid
867 551 951 602 etism

16 625 17 632 ’
112 669 113 672 ,
154 633 251 698 hebet,
265 649 321 685 uon
336 634 485 700 estmagni
498 633 639 700 ponderis.
675 634 840 700 Diuporrus
855 635 909 686 erit
924 639 952 686 ct

154 719 227 770 inira
238 719 356 785 jacebit,
372 718 419 784 qui
429 717 533 786 aliquid
545 732 675 786 magnum
685 718 827 781 aestimat,
842 719 949 773 nisiso-

133 863 137 873 ἡ
153 803 210 853 lum
219 817 311 864 uuum,
321 802 492 864 immensum,
503 808 645 853 aeternum
654 802 765 852 bouum.
790 801 861 852 Nam
872 803 950 870 quid·

153 885 220 954 quid
228 886 306 936 Deus
316 900 370 936 uon
381 890 436 948 est,
450 884 519 936 nibil
534 891 578 936 est
591 891 620 937 ct
628 893 679 952 pro
694 883 781 936 nihilo
793 889 949 952 computari

153 969 244 1021 debet.
270 969 321 1020 Est
329 981 430 1036 magna
440 967 607 1032 differentia,
617 970 755 1036 sapientia
764 969 913 1022 illuminati
923 977 951 1022 et

40 1065 47 1071 ·
152 1053 246 1106 devoti
259 1054 312 1104 riri
327 1058 355 1106 et
369 1055 486 1105 scientis
499 1053 603 1106 literati
618 1059 701 1119 atque
715 1053 834 1104 studiosi
844 1054 947 1106 clerici.

151 1131 240 1190 Multo
255 1138 377 1190 nobilior
392 1146 434 1190 cst
447 1139 498 1190 illa
511 1138 652 1200 doctriua,
667 1151 739 1205 quac
754 1137 900 1190 desursum
915 1153 949 1190 ex

151 1222 512 1286 divinainfluentiamannt,
528 1237 610 1290 quam
620 1235 691 1289 quoe
701 1221 844 1274 laboriose
854 1220 948 1274 huma·

150 1321 185 1357 no
197 1307 350 1372 acquiritur
358 1306 481 1372 ingenio.

199 1399 224 1450 3.
243 1383 946 1466 Pluresrepcriuuturcontemplationemdesidera·

124 1487 126 1494 ⁴
151 1497 195 1544 re,
210 1481 260 1532 ssd
270 1495 341 1548 quac
356 1481 392 1532 ud
407 1483 666 1549 esmrequiruutur,
681 1498 737 1534 nou
746 1483 860 1536 student
869 1497 946 1536 exer·

149 1579 223 1616 cere.
256 1564 308 1614 Est
317 1571 483 1632 utmagnum
492 1565 731 1634 impedimentum,
745 1568 946 1636 quiuiusiguis

149 1657 177 1700 ct
186 1647 363 1700 sensibilibus
371 1650 455 1700 rebus
465 1655 555 1702 statur
564 1657 593 1704 et
598 1665 694 1717 purum
700 1651 735 1702 dc
740 1650 867 1717 perlecto
873 1657 946 1704 morl

115 1781 118 1786 .
148 1732 302 1784 dilectione
316 1731 442 1784 babetur.
477 1734 580 1786 Nescio
596 1734 662 1802 quid
676 1740 719 1786 ost
733 1739 762 1786 et
777 1750 831 1802 quo
846 1737 945 1802 spiritu

149 1816 286 1880 ducimur,
302 1823 331 1869 ct
344 1817 410 1885 quid
419 1819 640 1885 praetendimus,
655 1819 701 1885 qui
716 1819 874 1884 spirituales
890 1820 945 1872 dici

148 1900 284 1952 videmur:
296 1904 370 1970 quod
379 1909 486 1954 tontum
495 1904 620 1956 laborem
631 1907 659 1954 et
668 1902 832 1967 ampliorem
841 1903 945 1958 sollici·

147 1985 270 2038 tudinem
279 2001 330 2053 pro
340 1989 508 2040 transitoriis
524 1989 659 2041 ciuilibus
675 1987 796 2052 agimus,
812 1992 841 2039 et
854 1987 890 2039 ds
904 1989 945 2040 in-

147 2067 296 2123 terioribus
310 2073 414 2122 nostris
423 2073 470 2122 vix
484 2080 532 2124 out
544 2087 610 2124 raro
621 2071 703 2138 plene
714 2071 874 2125 recollectis
882 2081 945 2124 scn-

148 2154 223 2205 sibus
235 2156 399 2220 cogitamus.

197 2238 222 2287 l.
241 2237 316 2308 Proh
326 2237 420 2288 dolor!
440 2241 533 2290 statim
542 2244 607 2305 post
619 2239 756 2290 modicum
768 2237 945 2290 recollectio-

147 2335 209 2370 nom
218 2319 297 2371 lorus
307 2322 474 2387 erumpimus
485 2338 536 2374 nec
546 2337 632 2388 opera
642 2328 737 2374 nostra
744 2321 869 2376 districtu
879 2337 944 2374 oxu-

147 2404 297 2457 minatione
308 2406 481 2458 trutinamus.
500 2405 554 2458 Ubi
560 2406 655 2472 jacent
661 2403 777 2459 affectus
784 2407 881 2470 nostri,
888 2421 945 2458 uon

147 2487 321 2550 attendimus,
329 2495 358 2540 et
366 2504 448 2556 quum
457 2491 565 2556 impura
573 2490 630 2542 siut
638 2491 740 2552 omnis,
748 2505 804 2540 non
813 2489 944 2556 deplora·

147 2585 215 2622 mus.
257 2572 370 2623 Omnis
392 2574 517 2640 quippe
535 2587 614 2626 euro
634 2579 838 2641 corruperat
855 2575 944 2626 viam

139 2707 147 2718 Ι
202 2738 222 2777 4.
239 2733 322 2778 Genus·
334 2738 354 2784 o,
365 2739 397 2777 12.
