2072 3068
160 181 211 234 166
401 183 452 231 DE
469 182 713 230 ΙΜΙΤΑΤΙΟΝΕ

159 315 264 363 meum,
280 299 345 368 quic
359 299 395 351 cd
409 279 574 366 lesuspirrt
588 313 668 352 omno
679 298 849 352 desiderium
858 317 963 354 nucum.

157 384 229 436 Nam
241 399 310 436 onus
320 383 387 437 mihi
396 391 486 451 totum
496 391 547 448 est,
555 381 738 452 quidquidhic
747 383 865 436 nundus
877 384 965 438 offert

160 469 196 520 ad
214 469 355 522 solatium.
390 469 531 522 Desidero
545 475 576 521 te
588 469 685 520 intime
698 466 769 531 frui,
783 468 835 520 sod
849 485 963 538 nequeo

158 551 375 636 apprehendere.
412 555 486 622 Opto
499 552 646 606 inhaerere
660 551 839 615 coelestibus,
849 553 900 604 scd
911 553 961 606 de·

54 640 57 648 ’
157 641 278 704 primunt
286 654 332 690 res
341 639 511 706 temporales
527 644 555 690 et
567 635 791 690 immortificrtoe
800 638 961 702 passiones.

157 723 252 774 Mente
269 723 395 774 omnibus
409 723 492 776 rebus
507 735 655 788 superesse
669 718 751 784 volo,
766 715 849 772 corne
864 726 961 772 cutem

156 807 242 858 inrito
256 807 371 858 subesse
387 819 482 874 cogor.
519 805 566 860 Sic
581 792 633 874 οὲο
644 803 728 856 honio
739 803 840 856 infelix
848 819 959 856 mecum

156 889 390 959 pugno,etiaotus
399 905 460 941 suni
470 887 649 956 mihimetipsi
659 887 833 958 groris‚durr
842 889 960 955 spiritus

156 981 378 1027 surnumetcoro
390 967 499 1044 quaerit
509 989 571 1027 esso
582 973 721 1026 deorumn.
1026 969 1027 988 ¹

206 1067 230 1118 5.
251 1067 274 1120 0
290 1067 355 1136 quid
369 1069 442 1122 intus
456 1069 563 1134 potior,
578 1065 643 1118 dum
652 1071 744 1118 monto
753 1065 890 1118 coelestin
899 1071 957 1117 tro·

155 1159 254 1217 cto,et
262 1167 328 1204 mox
338 1153 490 1204 carnalium
499 1152 581 1204 turbo
591 1151 713 1204 occurrit
721 1149 826 1202 oranti!
860 1151 957 1208 Deus

154 1251 259 1299 meus,
284 1251 324 1288 no
350 1237 527 1305 elongeris
546 1251 564 1287 c
581 1251 644 1299 nro,
662 1249 778 1303 *nequo
797 1235 956 1290 declines

151 1319 186 1368 in
208 1319 261 1370 ira
285 1335 302 1370 a
325 1335 424 1372 servo
454 1327 522 1371 tuo.
557 1319 711 1388 Fulgura
738 1321 954 1372 coruscatio·

153 1417 224 1453 nem
243 1409 332 1453 tuam
351 1411 384 1456 et
403 1404 536 1472 dissipo
558 1418 630 1466 ως
658 1405 775 1457 emitte
799 1405 953 1472 sagittas

152 1495 242 1547 tuas,
271 1493 300 1537 et
323 1487 521 1538 conturbentur
540 1501 636 1539 omnes
653 1485 818 1554 phantasiae
835 1489 953 1542 iniuricis

152 1568 952 1650 Recolligesonsusmeosudte;icomeoblirisoiomnium

150 1651 366 1716 mundanorum
385 1653 421 1704 dc
431 1654 486 1706 cito
499 1654 621 1722 abjicere
636 1661 665 1706 et
678 1663 856 1710 contemnere
864 1655 951 1723 plion·

151 1743 272 1788 tosmato
281 1737 420 1790 vitiorum.
456 1737 952 1805 Succurremihisoternaveritss‚ut

151 1822 528 1874 nullamemovectvnnitas.
560 1823 666 1877 Adveni
676 1825 806 1878 coelestis
816 1827 951 1891 suavitas,

153 1901 710 1975 etsugiatstscietuaomiisinpuritns
749 1911 867 1978 Ignosce
883 1927 951 1979 quc·

153 2007 206 2058 que
221 1990 288 2042 mihi
303 1996 331 2042 et
344 1991 563 2045 misericorditer
570 1993 698 2060 indulge,
715 1995 824 2060 quoties
838 2003 952 2062 practer

150 2084 179 2126 te
190 2075 265 2127 eliud
274 2076 302 2127 in
314 2077 441 2127 oratione
450 2077 575 2128 revolvo.
611 2078 754 2130 confiteor
763 2078 865 2128 etenim
874 2095 950 2145 vero,

151 2163 216 2228 quio
230 2160 311 2212 valde
326 2159 458 2212 distracto
472 2176 516 2212 me
530 2158 634 2213 habore
649 2162 788 2213 consuevi
823 2163 897 2215 Nom
909 2165 950 2217 ibi

149 2245 291 2297 multoties
301 2258 356 2295 non
366 2227 680 2312 suni,ubioorporoliter
689 2251 732 2298 sto
741 2247 950 2312 outsedeo‚sed

149 2330 189 2380 ibi
203 2330 292 2396 magis
307 2342 381 2390 sum,
398 2343 452 2395 quo
468 2329 684 2396 cogitationibus
699 2328 785 2382 feror.
820 2331 863 2383 lbi
878 2347 949 2396 surr,

150 2412 197 2462 ubi
212 2412 346 2478 cogitatio
361 2427 425 2462 mea
439 2418 489 2462 est.
525 2414 566 2464 lbi
581 2419 624 2464 est
636 2412 798 2480 frequentor
812 2417 948 2482 cogitatio

148 2509 224 2556 mea,
243 2493 292 2544 ubi
307 2501 363 2556 est,
383 2495 458 2563 quod
477 2510 549 2546 nnio.
584 2497 649 2548 Hoc
662 2496 730 2550 mihi
744 2499 800 2550 cito
816 2503 948 2566 ocem-rit,

151 2576 225 2643 quod
234 2576 399 2629 nnuuoliter
408 2577 530 2630 delectat
540 2587 588 2631 aut
598 2593 633 2632 ex
642 2595 694 2632 usu
703 2582 804 2648 placet.

205 2749 225 2786 5.
241 2742 329 2786 rosim.
337 2745 365 2785 10
376 2743 434 2800 (tl),
445 2747 479 2788 1².
508 2744 544 2788 lb.
555 2749 595 2790 llo
607 2747 679 2803 (144),
689 2751 710 2792 i.
