2080 3058
176 195 225 246 186
422 195 473 242 DE
491 191 733 239 ΙΜΙΤΑΤΙΟΝΕ

175 313 300 380 insigniti
314 311 391 381 digni
404 309 541 362 habentur
549 309 607 360 vita
618 311 740 360 aeterna.
776 299 900 357 Tannum
912 309 980 359 euti·

174 401 222 446 net
231 393 302 446 haec
311 395 411 462 gratia,
421 400 452 446 ut
461 407 512 444 uec
521 392 624 443 donum
633 389 806 458 prophetiae,
816 406 870 443 nec
880 393 979 460 signo·

173 495 235 531 rum
245 480 381 546 operatio,
392 493 444 530 uec
453 475 625 545 quantalibet
631 475 692 552 *alta
701 475 856 542 speculatio
866 476 980 545 aliquid

174 563 355 615 aestimentur
369 562 428 611 siue
444 574 487 611 ea.
511 559 580 611 ·Sed
593 575 684 627 neque
697 559 780 623 fides,
795 575 888 628 neque
899 577 977 628 spes,

174 662 264 715 neque
280 646 352 697 aliae
367 645 482 697 virtutes
491 641 543 695 t'ibi
557 651 690 711 acceptae
704 649 768 696 sunt
781 645 842 696 sine
854 647 977 700 caritate

175 738 203 782 et
212 731 311 798 gratia.

223 813 248 864 5.
268 814 291 864 Ο
308 813 472 864 beatissima
487 813 594 880 sgnum,
615 826 688 880 quae
702 826 854 879 pauperem
871 815 977 882 spiritu

85 892 87 904 '
172 897 319 948 virtutibus
330 895 443 948 divitem
452 896 535 950 iacis!
556 901 584 948 et
594 895 707 948 divitem
716 897 913 961 multisbonis,
925 897 975 950 hu·
1006 911 1009 916 '

173 981 268 1034 utilem
281 980 366 1034 eorde
380 981 485 1034 reddis.
519 981 605 1044 Veni,
621 981 759 1036 descende
775 978 878 1045 aduie,
894 983 975 1050 reple

172 1081 217 1118 me
227 1081 307 1119 mane
317 1065 510 1118 consolatione
520 1071 577 1130 tua,
587 1079 622 1118 ue
633 1066 745 1118 deficiat
752 1081 821 1133 prae
830 1066 975 1119 lassitudi-

173 1167 209 1204 ne
224 1151 393 1203 et‘ariditate
403 1152 503 1202 mentis
513 1151 685 1202 enimamen.
722 1151 860 1214 Obsecro,
875 1151 974 1204 Domi·

172 1251 221 1299 ne,
236 1241 267 1286 ut
278 1236 417 1300 inveniam
427 1235 546 1302 gratiam
556 1235 585 1286 iu
595 1234 683 1287 oculis
692 1237 762 1300 tuis3
781 1236 884 1288 suffieit
899 1237 973 1289 euim

170 1318 239 1371 mihi
253 1321 416 1388 gratiam,
433 1320 533 1372 ceteris
549 1321 761 1384 'non'obteutis‚
777 1334 849 1387 quae
862 1319 972 1372 deside·

109 1397 114 1404 ’
171 1410 216 1456 rat
229 1410 337 1456 nunna.
374 1403 405 1456 Si
413 1403 494 1457 fuero
509 1409 632 1455 tentatus
647 1408 676 1455 et
688 1413 804 1456 rexatus
813 1404 971 1457 tribulatio·

171 1488 252 1538 uibus
266 1488 374 1549 multis,
389 1501 445 1537 non
458 1487 562 1538 timebo
577 1487 665 1551 mala,
685 1488 750 1539 dum
763 1502 872 1540 mecum
886 1487 973 1540 inerit

171 1573 329 1640 gratiatue.
364 1571 429 1636 Ipsa
437 1568 573 1622 fortitudo
583 1586 646 1624 mea
651 1609 659 1635 ‚
674 1572 736 1640 ipsa
750 1573 897 1640 consilium
908 1589 972 1626 con·
1023 1547 1029 1674 1

171 1656 228 1707 fert
242 1660 271 1707 et
285 1654 427 1706 auxilium.
464 1655 575 1707 Cunctis
590 1653 717 1708 hostibus
729 1658 872 1724 potentior
886 1662 972 1710 estet

172 1741 328 1807 sapientior
336 1741 472 1792 universis
483 1740 663 1806 sapientibus.
1026 1685 1029 1818 4

223 1825 248 1878 6.
266 1825 404 1892 Magistra
415 1825 606 1887 estveritatis,
622 1825 922 1893 doctrixdisciplinue,
932 1827 971 1879 lu·
1028 1827 1029 1890 g

173 1923 236 1962 meu
251 1909 357 1973 cordis,
372 1910 497 1962 solamen
512 1924 673 1976 pressurae,
691 1909 816 1976 fugatrix
828 1911 969 1974 tristitiae.
1028 1933 1029 1942 ¹

174 1995 295 2047 oblatrix
303 1994 421 2058 timoris,
431 1994 525 2045 nutrix
535 1993 872 2060 devotionis‚productrix
880 1993 970 2063 lacry-
1028 2059 1029 2062 Ἴ

174 2094 289 2131 marum.
326 2078 400 2140 Quid
414 2094 475 2131 sum
489 2071 549 2129 siue
564 2093 611 2141 ee,
630 2079 684 2130 nisi
700 2076 807 2128 aridum
821 2078 928 2146 lignum
944 2086 971 2131 ct

133 2210 136 2214 .
174 2161 261 2230 stipes
270 2163 377 2214 inutilis
388 2164 424 2215 sd
434 2160 616 2231 ejiciendnmi
650 2163 713 2213 Tua
723 2176 791 2228 ergo
801 2157 970 2227 uie‚'l)omi-

173 2263 219 2311 ne,
230 2249 322 2314 gratia
331 2235 441 2316 semper
451 2253 480 2300 et
487 2247 649 2316 praeveniat
658 2252 687 2298 et
696 2251 836 2314 sequatur,
848 2246 969 2299 achonis

174 2333 306 2397 operibus
318 2333 425 2400 jugiter
438 2336 561 2400 praestet
579 2331 798 2394 consistentem,
814 2345 866 2397 per
875 2332 967 2386 iesum
1028 2381 1029 2388 ,

174 2415 322 2480 Christum,
333 2415 424 2468 filium
434 2422 521 2468 tuum.
543 2416 638 2468 Amen.
1023 2405 1029 2472 i

472 2646 667 2702 *amn—.—
