2080 3058
240 217 398 266 CHRISTI
431 219 496 266 ΜΒ.
513 219 554 265 lV.
574 219 646 264 CaP.
665 223 688 267 4.
807 221 855 272 ²11
945 247 950 254 ι

74 330 167 383 donari
176 332 857 400 gratiam,uttotueinteliquefiametamoroper·

72 415 191 480 effluam,
207 423 290 482 atque
305 415 340 466 de
354 415 430 466 nulla
440 417 531 468 aliena
540 417 731 468 consolatione
742 418 857 484 amplius

71 501 311 552 nteintromittam.
343 501 394 552 Est
403 502 475 552 enim
484 499 538 552 hoe
547 501 708 552 altissimum
719 504 747 552 et
756 499 857 566 ‹lignis-

71 585 166 636 simum
175 589 378 636 sacramentum
388 584 462 635 salus
474 586 581 636 animae
592 590 620 636 et
627 573 762 650 eorporis,
771 582 857 634 medi-

70 669 129 719 eina
148 669 238 719 omnis
257 668 407 735 spiritualis
425 669 580 734 languoris:
603 669 632 718 io
647 683 700 735 quo
715 668 783 718 vitia
795 681 858 718 mea

30 755 33 770 '
70 757 208 815 ouranm,
222 753 367 818 passiones
377 751 528 814 frenantur,
538 751 706 803 tentationes
716 752 858 802 vincuntur

69 843 116 887 aot
124 837 295 899 minuuntur,
306 837 399 904 gratia
411 837 502 903 major
509 834 675 899 infunditur,
690 837 776 887 virtus
784 837 858 886 inee-

68 925 116 988 pta
126 925 253 987 augetur,
264 919 388 971 firmatur
397 919 475 984 tides,
490 933 553 986 spes
561 919 712 971 roboratur
721 924 749 970 et
758 920 859 970 caritas

68 1005 188 1072 ignescit
197 1018 231 1055 ao
240 1002 379 1055 dilatatio.

117 1087 142 1137 3.
161 1085 252 1138 Multa
261 1101 379 1156 nemque
388 1089 462 1140 bona
471 1088 586 1154 largitos
599 1101 642 1150 es,
663 1093 691 1138 et
701 1086 790 1158 adhquo
799 1101 859 1138 sae·

68 1171 130 1236 pius
141 1168 253 1238 largiris
263 1171 291 1220 in
306 1177 478 1223 sacramento
492 1171 601 1222 dilectis
611 1170 665 1240 tois
675 1170 774 1222 devote
787 1185 859 1222 eom·

68 1255 286 1318 manicantibus,
300 1256 377 1307 Deos
391 1271 481 1319 meus,
501 1261 644 1322 susceptor
654 1255 760 1304 animae
769 1269 859 1317 meae,

68 1343 216 1404 neparator
224 1337 391 1390 infirmitatis
401 1339 537 1390 humanae
547 1346 574 1390 et
582 1337 859 1389 totiusdatorconso·

68 1420 182 1473 lationis
192 1423 326 1474 internae.
361 1423 431 1473 Nam
441 1423 556 1475 multam
564 1422 631 1489 ipsis
642 1421 859 1474 consolationem

69 1505 203 1564 advorsus
221 1505 325 1556 variam
339 1508 545 1559 tribulationem
562 1505 697 1580 infundis,
713 1511 741 1558 et
754 1505 788 1558 de
801 1507 857 1558 imo

67 1586 235 1654 dejectionis
244 1589 373 1656 propriae
383 1592 859 1659 adipemtuaeproteotioniserigis,

67 1676 153 1738 atque
167 1686 241 1724 nova
255 1673 372 1740 quadam
386 1678 477 1742 gratia
491 1691 540 1728 eos
550 1678 623 1728 intus
636 1691 747 1728 recreas
762 1676 859 1728 etillu-

68 1761 155 1806 strae:
173 1757 261 1823 utqui
270 1759 469 1825 anxiiprimunn
484 1766 512 1810 et
525 1761 584 1810 eine
597 1757 744 1810 affectione
754 1774 784 1809 so
795 1765 858 1808 ante

68 1837 858 1908 communionemsenseraot‚postearefecticibopotuquo

69 1924 225 1976 coelestiin
234 1925 333 1976 melius
342 1942 373 1977 se
382 1931 503 1977 mutatos
512 1925 659 1975 inveniant.
687 1925 768 1986 Quod
777 1920 858 1976 idcir.

69 2024 102 2059 eo
123 2023 185 2058 eum
205 2008 300 2060 electis
315 2011 370 2060 tuis
384 2009 575 2075 dispensanter
593 2009 668 2075 egis,
681 2015 712 2058 ut
723 2008 860 2059 voraciter

68 2096 224 2158 agnoscant
232 2098 261 2144 at
269 2098 396 2159 patenter
405 2093 594 2159 experiantur,
608 2098 738 2159 quantum
746 2091 858 2142 infirmi,

68 2177 135 2226 tatis
150 2189 185 2227 ex
197 2176 304 2242 seipsis
314 2175 436 2228 habeant
449 2175 691 2243 etquidbonitatis
707 2191 741 2226 ao
751 2176 858 2242 gratiae

69 2273 105 2310 ex
113 2265 142 2310 te
153 2266 367 2326 consequantur:
400 2261 472 2323 Quia
481 2274 517 2311 ex
525 2261 687 2326 semetipsis
697 2258 800 2326 frigidi,
811 2259 858 2308 do-

67 2344 92 2392 ri
104 2350 132 2394 et
140 2342 274 2406 indevoti,
281 2359 316 2396 ex
323 2351 352 2395 te
362 2349 454 2397 autem
463 2343 610 2406 foetentes,
617 2344 723 2396 alacres
731 2343 858 2395 etdevoti

70 2442 131 2479 esea
142 2433 290 2478 merentur.
311 2429 378 2491 Quis
389 2431 460 2480 enim
471 2428 506 2480 ad
512 2427 616 2480 iontem
625 2429 768 2479 suavitatis
773 2425 859 2476 humi·

70 2510 134 2563 liter
144 2511 279 2566 accedens
289 2527 344 2564 non
352 2513 490 2569 modicum
499 2513 643 2564 suavitatis
651 2511 715 2563 inde
723 2507 859 2579 reportati

70 2595 189 2662 Autquis
196 2594 277 2661 juxta
286 2597 428 2663 copiosum
437 2598 531 2663 ignem
540 2602 615 2646 stans
625 2595 860 2663 nonparumcalo·

71 2681 109 2730 ris
118 2678 322 2745 indepercipitl
335 2679 473 2730 Ettuions
480 2693 509 2730 es
516 2679 725 2755 semperplenus
733 2684 761 2728 et
767 2691 860 2743 super·

72 2762 221 2824 abundans,
231 2762 303 2847 ignis
311 2762 416 2828 jugiter
426 2761 525 2814 ardens
537 2766 566 2812 et
574 2762 859 2828 nunquamdelieiens.

609 2847 632 2892 Ο
643 2847 657 2893 2
