2066 3064
217 189 374 238 cnnrsrr
407 191 473 238 um.
491 191 527 239 11.
546 195 619 242 cm.
638 198 694 242 ss.
816 195 850 254 ar

11 339 13 376 ,
39 321 191 362 summum
199 302 253 359 Ilei
268 307 442 359 sacerdotem
453 307 572 373 sixtum,
589 323 669 378 quem
682 309 800 363 maxime
811 313 849 364 di-

11 409 14 460 l
39 393 174 462 ligabat,
189 405 240 458 pro
252 405 346 442 amore
357 390 459 443 Christi
469 394 552 444 etiam
563 407 620 445 ase
630 395 693 446 tolli
702 395 851 448 elementer

11 495 14 546 p
39 477 172 530 ferebat.
213 477 313 527 Amore
324 477 418 542 igitur
436 479 570 528 creatoris
589 491 712 530 amorem
730 477 848 531 hominis
933 544 939 554 ,

11 583 13 630 q
40 561 206 628 superavit,
218 563 246 609 et
254 573 305 626 pro
315 557 433 611 humano
449 559 551 613 solatio
563 561 684 614 divinum
693 563 848 628 beneplaci-

11 677 13 714 Ι
38 653 107 696 tum
121 644 214 710 magis
229 642 323 710 elegit.
348 643 401 695 'lta
415 651 481 696 ettu
492 647 612 714 aliquem
621 647 807 698 necessarium
821 653 851 720 et

11 759 12 799 q
43 729 185 780 dilectum
204 729 322 778 audoum
335 741 386 793 pro
397 742 501 782 amore
514 731 569 784 Dei
587 730 663 784 disee
680 731 848 799 relinquere.
936 756 938 761 ·

43 813 109 866 Nee
124 810 249 879 graviter
263 809 353 874 feras,
369 825 430 890 oum
444 814 478 865 ah
492 815 581 866 amieo
592 814 741 868 derelictus
751 815 847 878 fueris,

44 897 157 957 sciens,
174 895 304 961 qnoniam
319 901 430 960 oportet
443 911 494 948 nos
510 909 605 950 omnes
614 899 726 949 tandem
735 899 770 950 ab
779 897 847 948 iuvi·
874 943 877 947 .

47 995 112 1031 cem
123 979 258 1043 separari.
812 1018 816 1032 ,

102 1062 128 1110 2.
147 1059 266 1110 Multum
278 1065 306 1112 et
315 1061 362 1111 diu
373 1068 484 1128 oportet
494 1060 632 1114 hominem
641 1064 669 1112 in
679 1078 710 1113 se
719 1064 780 1128 ipso
791 1079 847 1115 eer-

48 1150 129 1205 tare,
149 1148 297 1209 autequam
318 1143 409 1194 diseat
425 1159 456 1195 se
474 1146 563 1212 ipsum
577 1145 658 1211 plene
674 1153 849 1211 superareet

50 1232 144 1278 totum
155 1221 286 1276 affectum
295 1243 375 1278 suum
383 1229 412 1278 is
421 1229 511 1280 Deum
524 1227 645 1280 trahere.
674 1228 791 1292 Quando
801 1227 850 1280 ho·

51 1323 99 1362 mo
111 1314 291 1376 statsoperse
300 1313 637 1378 ipsum,fsoilelabiturad
643 1312 849 1364 consolationes

54 1392 199 1446 liumauas.
232 1393 289 1448 Sed
297 1411 379 1449 verus
389 1403 498 1450 amator
507 1397 609 1450 Christi
620 1402 649 1449 et
657 1396 798 1448 studiosus
809 1411 851 1448 se·

56 1485 147 1532 stator
159 1479 290 1530 verutum
304 1495 359 1532 nou
374 1481 449 1534 eadit
462 1497 546 1550 super
560 1482 780 1545 consolationes,
799 1497 851 1533 nee

56 1565 165 1632 quaerit
177 1563 249 1615 tales
259 1555 404 1618 sensibiles
414 1567 587 1630 dulcedines,
602 1565 653 1636 sed
662 1567 751 1634 magis
761 1565 849 1618 fortes

57 1650 280 1711 exercitationes,
289 1650 850 1715 etproChristodurossustiuerelahores.

108 1732 133 1782 d.
152 1733 220 1784 cum
229 1733 315 1804 igitur
324 1735 573 1799 spiritualisalleo
589 1735 746 1786 consolatio
761 1735 851 1796 deon,
869 1731 871 1740 ’
919 1769 925 1778 -

61 1829 121 1869 enm
134 1817 287 1883 gratiarum
301 1817 410 1868 actione
427 1819 522 1884 accipe
537 1831 606 1880 eam,
622 1818 673 1869 sed
686 1819 741 1870 Dei
754 1831 852 1868 munus

59 1901 183 1968 intellige
194 1913 335 1962 esse,nou
344 1906 420 1951 tuum
430 1902 566 1952 meritum.
602 1901 668 1953 Noli
678 1899 784 1962 extolli,
794 1901 852 1950 noli

61 1986 171 2042 nimium
186 1985 309 2052 gaudere
321 1997 373 2034 neo
386 1985 507 2035 inaniter
518 1998 712 2050 praesumere,
726 1983 776 2034 sed
791 1991 851 2034 esto

11 2087 13 2094 ’
62 2071 148 2136 magis
158 2067 288 2120 humilior
298 2081 332 2118 ex
342 2066 851 2135 dono,cautiorquoqueettimoratior

63 2156 91 2205 in
98 2154 202 2205 soumis
212 2153 318 2204 aetilrns
328 2153 397 2214 tuis,
408 2153 537 2219 quoniam
548 2151 678 2202 transibit
686 2147 757 2201 hora
765 2149 815 2202 illa
825 2157 852 2202 st

18 2274 25 2283 .
65 2241 191 2302 sequetur
199 2237 327 2307 tentatio.
351 2237 419 2287 Cum
429 2235 523 2302 ablata
532 2234 616 2286 luerit
626 2234 852 2297 consolatio,non
936 2257 940 2263 ’

67 2319 153 2370 statim
163 2318 308 2384 desperes,
323 2320 372 2370 sed
387 2333 448 2372 oum
458 2318 611 2371 humilitate
625 2327 654 2370 et
663 2311 797 2386 patientia
806 2333 852 2370 er·

67 2409 156 2468 specta
170 2402 318 2454 coelestem
333 2404 533 2466 visitationem,
553 2405 682 2470 quoniam
696 2410 795 2470 potens
810 2411 853 2455 est

62 2487 138 2538 vDens
148 2487 308 2554 anrpliorem
319 2488 368 2539 tibi
377 2487 514 2539 redonare
525 2488 752 2538 consolationem.
775 2487 852 2540 Istud

68 2583 120 2622 non
133 2577 173 2622 est
186 2586 286 2622 nomem
300 2587 351 2623 neo
363 2571 485 2623 alienum
492 2571 567 2621 viam
574 2571 629 2624 Dei
638 2573 771 2638 expertis,
787 2572 852 2639 quia
928 2583 929 2590 ¹

69 2655 94 2705 in
108 2655 208 2721 magnis
219 2653 326 2706 Sanctis
341 2656 406 2706 etin
417 2656 535 2723 antiquis
545 2653 691 2722 Prophetes
701 2655 755 2706 fuit
767 2670 851 2719 saepe

68 2739 128 2790 talis
138 2720 324 2790 alternationis
334 2739 441 2792 modus.

590 2826 646 2876 ΕΞ
