2076 3066
179 201 214 254 ⁷2
431 203 482 252 DE
501 201 732 250 {Milaniona

446 499 605 559 CAPUT
640 501 704 558 xl.

295 633 339 688 De
353 637 493 706 paucitate
508 645 659 689 amatorum
679 636 764 688 aucas
784 635 855 688 Jeau.

226 813 251 864 1.
268 791 372 868 Habet
385 814 467 867 Jesus
479 830 551 867 nunc
563 814 667 866 multos
682 821 821 866 amatores
835 816 918 882 regni
931 817 973 866 sui

134 969 136 972 Ι
176 899 321 964 coelestis,
335 898 386 953 sed
395 914 500 967 paucos
509 898 680 967 bajulatores
691 913 758 950 suaa
769 899 867 950 eruas.
902 898 973 952 Mul·

175 989 221 1036 tos
239 981 324 1046 habet
342 969 550 1037 desideratores
570 983 784 1046 consolationis,
803 981 854 1034 sci
868 997 973 1050 paucos

174 1069 378 1132 tribulationis3
394 1069 488 1136 plures
498 1062 705 1120 invenit'socios
714 1081 836 1131 mensae,
847 1067 898 1120 scd
908 1083 972 1136 pau·

175 1168 223 1205 cos
239 1153 433 1206 abstincnfiac.
470 1154 571 1206 Omnes
587 1152 699 1220 cupiunt
714 1167 774 1204 cum
790 1166 824 1204 co
839 1151 972 1220 gaudere,

174 1238 423 1306 paucivoluntpro
439 1253 473 1291 co
489 1236 595 1307 aliquid
607 1239 753 1306 sustinere.
788 1236 973 1291 MultlJasum

174 1327 327 1388 sequuntur
335 1337 423 1390 usqua
440 1321 476 1374 ad
486 1321 651 1374 fractionem
660 1323 754 1390 panis,
769 1320 820 1373 sed
832 1324 917 1388 pauci
931 1339 974 1375 ns·

169 1419 228 1478 ‘que
239 1404 276 1456 ad
284 1405 434 1460 bibendum
445 1406 560 1459 calicem
568 1407 716 1474 passionis.
747 1406 829 1458 Multi
838 1407 973 1460 miracula

175 1487 235 1554 ejus
244 1493 419 1552 venerantur,
432 1491 514 1557 pauci
523 1491 704 1558 ignominiam
714 1491 802 1544 muca
812 1498 972 1559 sequuntur.

173 1571 258 1624 Multi
266 1573 361 1626 Jasum
375 1572 509 1644 diligunt,
523 1574 654 1643 quamdiu
668 1574 787 1628 adversa
799 1588 855 1626 non
870 1577 974 1627 contin·

172 1660 251 1724 gunt.
286 1655 370 1708 Multi
384 1657 463 1710 illum
477 1657 594 1711 laudant
607 1665 636 1712 et
648 1659 828 1722 benedicunt,
843 1659 974 1727 quamdiu

175 1739 383 1794 consolationes
399 1741 506 1812 aliquas
521 1743 556 1797 ab
569 1744 631 1812 ipso
641 1744 805 1814 percipiunt.
841 1741 872 1796 Si
882 1749 974 1797 autem

173 1823 255 1876 lesus
265 1841 296 1878 se
306 1826 486 1880 absconderit
500 1834 528 1881 at
541 1827 680 1882 modicum
690 1843 739 1880 aas
749 1827 910 1896 reliquerit,
928 1833 974 1880 ant

143 1923 147 1944 ¹
173 1908 202 1960 in
213 1911 414 1979 querimoniam
424 1912 702 1982 veliach‘ectioncm
712 1911 825 1964 nimiam
835 1911 947 1964 cadunt

152 2039 157 2052 .
222 1996 248 2046 2.
267 1994 524 2062 Quiautamlcsum
533 1997 746 2066 proptchcsum
756 2001 784 2048 el
793 2012 849 2048 non
858 2005 973 2066 propter

173 2067 252 2130 suam
275 2083 418 2150 propriam
446 2083 568 2152 aliquam
595 2081 815 2135 consolationem
843 2081 970 2150 diligunt,

171 2161 262 2228 ipsum
273 2165 388 2218 mamni
397 2166 576 2220 tribulatione
592 2173 620 2218 ct
633 2167 762 2236 angustia
777 2164 884 2230 cardis,
900 2168 971 2218 sicut
1026 2229 1027 2238 ἵ

171 2244 316 2298 insumma
326 2249 528 2313 consolatione,
538 2249 712 2302 benedicunt.
752 2249 970 2320 Etsinunquam
1026 2253 1027 2260 ’

173 2329 214 2380 eis
228 2331 449 2386 consolationem
462 2333 529 2385 dare
543 2332 642 2398 vcllct,
655 2334 847 2402 ipsumtamen
859 2351 970 2406 semper
1026 2395 1027 2420 Χ

109 2483 112 2494 ¹
171 2411 319 2466 laudarent
328 2419 356 2466 et
364 2431 475 2486 semper
483 2418 589 2484 gratias
600 2433 685 2488 agere
695 2420 805 2473 vellent.
1026 2423 1027 2427 ’

221 2496 246 2549 3.
266 2498 431 2566 Oquantum
440 2506 534 2568 potest
543 2517 623 2556 amor
629 2504 697 2556 lesu
706 2520 805 2572 parus,
819 2505 896 2557 nullo
907 2519 970 2573 pro·

170 2581 232 2648 prio
243 2581 389 2635 commodo
403 2585 449 2638 vel
458 2600 552 2640 amore
562 2575 738 2656 permanat
762 2589 863 2643 Nonne
874 2604 970 2644 omnes

170 2667 336 2718 mercenarii
349 2673 413 2718 sunt
427 2667 551 2733 dicendi,
571 2674 617 2740 qui
632 2674 840 2726 consolationes
858 2690 970 2744 semper

172 2748 324 2815 quaerant!
351 2751 452 2804 Nonne
461 2762 601 2808 amatores
610 2759 654 2808 sui
663 2759 762 2826 magis,
774 2774 855 2826 quam
866 2757 969 2812 Christi
1024 2781 1025 2792 ¹
