2084 3064
242 211 398 274 cunusrs
431 213 498 276 pun,
517 214 559 260 ιν.
579 215 653 278 ω.
673 217 713 262 11.
823 215 875 266 esu

60 351 63 358 ·
80 325 200 380 deliciae
210 327 345 394 paradisi,
360 332 388 378 et
398 327 694 393 epulnnurrnobiscum
704 330 802 396 Angeii
812 346 874 382 sun·

62 444 64 449 .
81 410 127 473 cti,
138 409 334 462 sedsuuvitnte
343 409 474 462 feliciori.
692 471 697 484 st

130 493 155 546 6.
175 495 290 562 Oquam
299 509 428 565 magnum
439 500 467 546 et
476 492 640 547 honorabile
650 496 822 548 estoiiicium
831 512 875 550 ss·
945 532 947 540 ,

81 577 238 640 cordurum,
263 579 361 647 quibus
379 578 475 629 datum
494 583 537 630 est
554 579 703 630 Dominum
719 581 875 647 majestatis

78 661 171 717 verbis
181 663 268 735 sacris
278 677 451 726 consecrare,
462 662 545 714 labiis
554 662 733 726 benedicere,
747 665 874 716 munibus

78 752 190 808 tenere,
210 761 259 797 ore
274 749 386 814 proprio
406 762 515 800 sumere
535 752 564 799 et
581 748 682 805 ceteris
701 747 873 800 ministrare!

1 855 2 858 ¹
79 831 196 898 Oquam
204 829 323 883 mundae
334 831 435 882 debent
449 841 511 883 esse
525 846 622 884 munus
635 829 717 894 illue,
733 847 815 899 quum
824 823 873 901 pu'·

75 927 138 966 rum
153 929 199 977 os,
215 929 296 982 quam
310 921 435 968 sunctum
446 929 560 982 corpus,
576 931 658 982 quam
667 915 873 968 immaculatum

78 1013 127 1052 cor
137 999 191 1051 erit
199 994 367 1060 sucerdotis,¹
380 998 416 1049 ad
426 1005 507 1065 quem
516 999 600 1051 toties
610 999 765 1067 ingreditur
774 1007 873 1053 auctor

75 1080 217 1151 puritatis!
242 1083 285 1134 Ex
295 1097 343 1134 ore
353 1082 507 1142 sacerdotis
516 1081 586 1139 nihil
595 1085 649 1136 nisi
658 1090 792 1148 sunctum,
802 1084 873 1139 nihil

76 1165 131 1219 nisi
141 1163 286 1218 honestum
302 1171 330 1217 et
343 1165 411 1218 utile
421 1165 574 1233 procedere
585 1165 669 1220 debet
682 1167 808 1232 verbum,
820 1171 872 1236 qui

76 1256 133 1301 tam
144 1265 227 1318 saepe
238 1247 342 1303 Christi
351 1251 452 1318 accipit
461 1257 671 1306 sacramentum.
758 1261 760 1268 ·

125 1337 151 1386 7.
171 1334 251 1386 Oculi
261 1336 320 1402 ejus
330 1333 469 1402 simplices
481 1339 509 1398 et
518 1335 623 1402 pudici,
640 1337 687 1404 qui
697 1333 799 1388 christi
810 1349 870 1389 cur·

74 1435 126 1490 pus
135 1417 228 1472 solent
236 1420 346 1470 intueri.
381 1419 869 1486 Manuspurueetincoclumcievn·

74 1495 867 1573 tanquanmentoremcnclietterraesolentcontrectare.

75 1587 272 1642 Sacerdotibus
291 1589 451 1656 specialiter
468 1590 497 1641 in
515 1589 579 1658 lege
598 1589 712 1642 dicitur:
749 1591 869 1645 Sancti

1 1673 2 1676 ’
75 1680 201 1738 estote,
217 1674 374 1741 quonium
390 1689 451 1743 ego
467 1680 605 1727 sanetus
620 1689 690 1726 sum
703 1675 868 1728 Dominus

72 1755 164 1810 Deus
182 1761 307 1809 vester.

74 1837 77 1846 “
117 1841 147 1893 -8,
166 1841 284 1908 Adjuvet
297 1857 348 1893 nos
363 1843 456 1912 gretia
470 1847 531 1904 tua,
547 1841 821 1909 omnipotentens,
837 1847 868 1895 ut
910 1861 917 1876 ¹

74 1926 120 1994 qui
131 1925 251 1977 officium
261 1925 436 1978 sacerdotale
446 1927 625 1992 suscepimus,
632 1925 715 1994 digne
726 1941 759 1978 ec
766 1925 867 1980 devote

1 2027 2 2032 ¹
72 1997 123 2061 tibi
132 2011 161 2060 in
172 2011 245 2061 omni
254 2011 375 2076 puritate
385 2017 414 2063 et
424 2010 676 2064 conscientiubonu
686 2009 867 2062 famularius·

71 2093 186 2145 leemus.
205 2094 241 2145 ut
249 2096 273 2145 si
283 2096 338 2146 no'n
348 2110 495 2163 possumus
504 2095 533 2145 in
542 2100 619 2146 tantu
628 2095 866 2148 innocesstiavitne

0 2224 1 2237 ,
71 2178 286 2241 conversari,ut
294 2175 441 2230 debemus:
459 2178 581 2231 concede
589 2179 670 2230 nobis
680 2185 772 2230 tumen
782 2179 865 2246 digne
914 2191 921 2202 ’

69 2253 137 2312 flere
146 2262 230 2325 muln,
241 2276 312 2330 quae
322 2265 466 2330 gessimus,
478 2264 542 2314 etin
552 2263 650 2329 spiritu
659 2261 822 2315 humilitatis
832 2277 865 2317 ec

69 2346 160 2398 bonae
175 2346 324 2400 voluntatis
338 2347 482 2414 proposito
494 2347 544 2398 tibi
558 2345 709 2400 ferventius
719 2347 754 2400 de
769 2354 863 2401 cetere

70 2429 218 2483 deservire.

127 2597 145 2639 1.
161 2599 234 2642 nevit.
245 2601 279 2650 tu,
289 2601 307 2642 2
558 2623 567 2650 0

360 2771 565 2806 naam—-
