2076 3066
155 223 205 282 'oc
303 192 308 204 s
406 229 721 282 onrurrarroun

168 347 274 400 cienda.
310 349 468 402 Transeunt
493 348 585 400 omnia
604 351 632 398 et
649 351 681 398 tu
704 359 765 397 cum
787 347 829 397 eis
847 335 965 414 pariter.

167 432 247 496 Vide,
258 437 352 484 utnon
361 431 521 494 inhaereas,
531 446 566 483 ne
576 431 695 497 capiaris
706 435 734 482 et
742 443 850 496 pereas.
884 432 977 497 Apud-

166 515 336 592 Altissimnm
354 518 393 568 sit
409 516 542 582 cogitatio
562 521 619 578 tua,
639 522 667 568 et
682 513 841 580 deprecatio
860 519 911 566 tua
929 515 967 568 ad

168 598 306 651 Christum
324 601 384 652 sine
406 599 611 650 intermissione
635 598 779 664 dirigatur.
823 597 855 650 Si
871 600 965 650 nescis

167 685 305 750 speculari
323 685 380 734 alta
400 688 428 734 et
447 683 594 745 coelestia,
616 683 763 749 requiesce
785 682 815 732 iu
831 681 965 747 passione

168 767 284 830 Christi,
300 770 365 819 etin
374 767 461 818 sacris
475 766 633 818 vulneribus
648 767 708 834 ejus
723 765 843 818 libenter
857 762 963 818 habita.

167 850 197 902 Si
212 851 284 901 enim
300 850 336 901 ad
344 850 459 902 vulnera
469 855 498 902 et
506 852 630 920 pretiosa
644 851 776 918 stigmata
784 850 851 901 Jesn
861 848 967 902 devote

166 932 307 1002 coniugis,
331 948 459 1002 magnam
476 936 505 986 in
523 935 704 987 tribulatione
728 931 965 986 confortationem

86 1057 87 1066 ,
166 1019 283 1082 senties,
300 1034 351 1071 nec
364 1019 480 1072 mniltunn
494 1021 603 1072 curabis
617 1015 759 1071 hominnm
768 1016 965 1084 despectiones

165 1101 340 1172 faciliterque
350 1103 436 1157 verba
446 1103 620 1158 detrahentia
629 1103 763 1172 perferes.

215 1187 240 1238 5.
260 1185 384 1240 christis
394 1188 449 1240 fuit
458 1191 542 1242 etiam
555 1190 584 1240 in
592 1187 694 1240 mundo
705 1187 740 1240 ab
749 1183 905 1239 hominibus
916 1187 965 1240 de-

167 1278 293 1338 spectus,
310 1278 340 1324 et
355 1273 384 1322 in
397 1274 517 1327 maxima
531 1273 698 1324 necessitate
709 1272 809 1322 anotis
824 1271 966 1324 et'amicis

166 1356 240 1406 inter
248 1355 405 1422 ,opprobria
418 1355 577 1408 derelictus.
613 1352 737 1407 cbristus
756 1355 816 1421 pati
833 1353 968 1408 voluitet

169 1439 284 1504 despici,
303 1443 332 1490 et
349 1444 380 1489 tu
398 1438 484 1490 audes
503 1438 537 1491 de
557 1438 650 1506 aliquo
670 1423 819 1507 conquerit
837 1436 967 1491 christus

169 1521 266 1574 habuit
284 1521 460 1574 adversarios
476 1526 505 1574 et
519 1522 706 1587 oblocutores,
726 1528 754 1576 et
767 1529 798 1584 tu
811 1523 852 1574 vis
867 1537 966 1576 omnes

169 1605 273 1658 habere
292 1606 395 1658 amicos
415 1612 443 1658 et
459 1605 671 1660 benefactorest
689 1606 767 1658 Unde
786 1606 968 1661 coronabitur

168 1690 304 1758 patientia
312 1695 369 1754 tua,
380 1690 405 1742 si
413 1688 483 1742 nihil
492 1691 667 1745 adversitatis
678 1688 845 1743 occurreritt
856 1689 887 1742 Si
895 1689 966 1744 nibil

170 1774 338 1827 sonnatium
352 1774 394 1830 vis
408 1775 480 1842 pati,
500 1775 640 1845 quomodo
656 1776 712 1828 eris
727 1773 830 1826 amicus
846 1772 967 1828 Christi!

169 1859 280 1913 Sustine
290 1864 318 1912 te
329 1874 390 1914 cum
400 1847 510 1912 Christo
522 1867 550 1913 et
558 1875 609 1928 pro
621 1857 745 1923 Christo,
759 1858 786 1910 ei
794 1859 835 1910 vis
845 1873 967 1926 regnare

150 1937 153 1944 ’
170 1960 232 1995 cum
242 1941 363 1997 Christo.

219 2029 244 2080 6.
264 2028 294 2082 Si
307 2029 395 2081 semel
403 2028 527 2096 perfecte
541 2030 687 2083 introisses
701 2030 731 2080 in
744 2027 880 2080 interiora
887 2026 967 2092 lesu,

169 2119 198 2166 et
205 2113 346 2166 modicum
355 2114 390 2166 de
400 2114 509 2169 ardenti
518 2128 613 2167 amore
624 2114 683 2180 ejus
693 2112 846 2179 sapuisses,
855 2115 921 2164 tunc
931 2111 968 2164 de

168 2198 281 2264 proprio
292 2199 438 2252 commodo
454 2197 497 2251 vel
510 2196 687 2251 incommodo
697 2195 766 2248 nihil
775 2209 901 2258 suares,
916 2195 969 2248 sed

163 2282 257 2348 'snagin
267 2281 303 2336 de
318 2284 468 2350 opprobrio
482 2282 563 2335 illato
573 2280 723 2350 gauderes,
739 2281 804 2349 quie
813 2281 969 2332 amorJesu

169 2365 239 2418 iacit
252 2364 391 2420 bominem
404 2383 435 2418 se
449 2367 539 2434 ipsum
553 2371 738 2418 contemnere.
772 2365 887 2416 Amator
898 2364 970 2418 lesu
1030 2416 1031 2426 ,

171 2457 199 2502 et
207 2451 333 2502 veritatis
345 2457 373 2502 et
380 2466 462 2502 verus
476 2451 601 2502 internus
611 2453 640 2502 et
647 2448 719 2503 liber
728 2449 763 2502 ab
773 2446 970 2503 affectionibus
1002 2491 1004 2496 .

169 2533 335 2587 inordinatis
348 2540 443 2600 potest
455 2549 486 2586 se
501 2534 537 2585 ad
550 2534 641 2586 Deum
655 2532 743 2586 libere
763 2539 925 2586 convertere
941 2539 971 2588 et

172 2619 282 2670 elevare
297 2632 328 2669 se
338 2631 424 2683 supra
431 2633 461 2670 se
470 2618 561 2684 ipsum
574 2619 603 2669 in
612 2617 712 2684 spiritu
721 2632 755 2671 ac
768 2617 880 2672 fruitive
891 2620 970 2687 quie·

172 2716 259 2754 scere.

223 2785 248 2833 7.
268 2783 320 2835 cni
330 2785 441 2850 sapiunt
451 2787 551 2852 omnin,
561 2791 645 2855 prout
654 2791 726 2852 sunt,
736 2803 791 2840 non
801 2793 832 2838 ut
841 2786 981 2858 dicotur,
