2080 3058
149 217 153 237 ,
223 174 744 222 unnisnsniu.1n.css.es.so.
829 171 878 222 167

132 293 157 344 t.
177 291 254 348 Unde
268 297 312 356 tu,
331 291 450 355 veritas,
469 296 566 358 aperte
581 288 688 342 dixisti:
712 287 769 342 ubi
792 291 878 341 enim

82 383 135 430 est
162 375 345 429 thesaurus
368 383 459 437 tuus,
486 375 535 427 ibi
563 376 615 424 est
642 378 676 424 et
698 387 755 424 cor
777 377 876 425 tuum.

80 462 111 514 Si
121 460 231 513 coelum
241 460 344 528 diligo,
359 459 478 511 libenter
488 458 522 510 de
538 456 706 509 coelestibus
715 471 812 524 penso.
848 456 878 510 Si
965 479 970 488 ·

78 545 211 597 mundum
225 559 303 607 amo,
320 543 415 596 mundi
428 541 608 594 felicitatibus
624 540 787 608 congaudeo
804 541 877 594 etde

78 629 295 682 adversitatibus
306 629 366 696 ejus
375 629 480 680 tristor.
516 626 549 698 Si
561 640 672 678 carnem
688 625 790 692 diligo,
807 639 877 693 quae
926 657 927 666 κ

78 714 171 766 carnis
187 719 251 764 sunt
265 728 350 780 saepe
367 713 514 780 imaginor.
550 710 581 762 si
599 710 725 777 spiritum
745 723 822 773 amo,
842 709 876 761 de

77 797 271 864 spiritualibus
287 799 412 866 cogitare
427 797 561 849 delector.
598 794 784 862 Quaecunque
804 796 878 848 enine

75 883 180 950 diligo,
196 883 231 934 de
241 882 284 935 his
293 883 413 934 libenter
421 882 523 950 loquor
533 885 562 932 et
572 878 656 930 audio
661 915 670 942 ,
686 883 769 946 atque
778 877 876 930 talium

74 969 214 1034 imagines
232 983 339 1020 mecum
359 967 395 1018 ad
414 966 526 1018 domum
542 968 667 1030 reporto.
703 962 760 1016 Sed
777 965 875 1015 beatus

74 1053 127 1104 ille
138 1051 220 1104 honio
227 1089 235 1116 ,
251 1053 299 1120 qui
307 1058 422 1119 propter
430 1055 471 1114 te,
482 1049 618 1111 Domine,
634 1047 760 1098 omnibus
770 1054 875 1098 creatu·

74 1138 117 1188 ris
132 1135 273 1189 licentiam
288 1135 408 1188 abeundi
422 1135 531 1196 tribuit,
545 1133 593 1200 qui
606 1130 787 1183 naturaevins
799 1130 875 1194 lacit,

77 1228 107 1272 et
122 1221 360 1288 concupiscentias
375 1219 465 1273 carnis
475 1217 587 1269 fervore
602 1215 715 1282 spiritus
727 1215 875 1283 crucifigit:

75 1312 107 1356 ut
116 1309 247 1357 serenata
256 1304 528 1370 conscientiapunam
537 1301 589 1352 tibi
599 1299 755 1351 orationem
765 1297 875 1362 offerat,

76 1389 232 1456 dignusque
250 1389 288 1440 sit
305 1387 440 1456 angelicis
458 1387 595 1438 interesse
615 1383 721 1448 choris,
749 1383 875 1436 omnibus

75 1473 194 1526 terrenis
205 1471 274 1526 foris
286 1478 314 1526 et
321 1473 395 1526 intus
407 1471 535 1524 exclusis.

316 2001 480 2059 CAPUT
513 2002 639 2058 XLIX·

141 2140 181 2194 De
199 2139 328 2194 desiderio
349 2147 474 2192 aeternae
491 2139 576 2202 citae,
597 2147 624 2190 et
644 2146 744 2207 quanto
763 2135 831 2189 sint'
916 2165 922 2170 -

273 2223 436 2276 certantibus
456 2224 527 2277 bono
540 2223 684 2292 promissa.

127 2399 152 2450 l.
170 2380 243 2465 Fili,
251 2417 311 2453 cum
319 2403 369 2454 tibi
375 2401 544 2456 desidendum
555 2407 687 2453 aeternae
695 2397 875 2451 beatitudinis

77 2496 198 2559 desuper
206 2490 314 2544 infundi
324 2493 410 2544 sentis
421 2501 450 2543 et
459 2487 682 2540 detabernaculo
694 2485 818 2552 corporis
830 2497 875 2536 ex·

37 2633 39 2640 Α
77 2582 118 2630 ire
130 2575 316 2644 concupiscis,
331 2581 363 2626 ut
376 2574 531 2626 claritatem
540 2586 630 2625 meam
641 2572 701 2624 sine
710 2567 875 2622 vicissitudi-

134 2745 155 2786 d·
171 2741 254 2785 Metti·
264 2743 285 2793 d,
294 2745 330 2784 21.
