2072 3068
212 171 374 237 'cunrsm
406 191 472 236 nm.
490 191 533 236 ιιι.
551 191 625 236 css.
643 193 683 237 12.
694 193 734 238 rc.
823 193 872 243 ror

76 307 115 358 tui
125 305 216 372 ipsius
226 310 401 369 contemtum,
415 306 439 356 si
449 307 489 356 vis
499 305 661 372 praevalere
672 307 803 358 adversus
813 321 871 359 car-

76 405 138 442 nem
155 397 184 441 et
197 379 369 458 sangsrinem.
405 389 477 452 Quia
487 387 833 444 adhucuimisinordinate
842 399 871 444 te

5 517 7 524 ,
76 473 185 541 diligis,
206 471 271 526 ideo
290 473 371 540 plene
389 480 417 526 te
435 475 580 542 resignare
599 473 718 526 aliorum
735 474 871 526 voluntati

5 603 6 606 ,
74 555 207 623 trepidas.
425 608 428 616 ,
480 597 482 601 .

5 697 10 706 ,
122 642 149 692 2.
169 639 227 693 Sed
237 638 303 708 quid
313 654 454 710 magnum,
470 643 548 706 situ,
564 643 610 712 qui
620 641 709 709 pulvis
724 657 754 694 cs
765 639 869 693 etnihil

73 729 190 792 propter
198 725 289 777 Deum
303 733 332 778 te
346 725 450 780 homini
463 727 571 790 subdis,
587 726 697 794 quando
714 739 767 794 ego
783 727 868 778 omni-

72 816 173 874 potens
184 814 213 862 et
223 805 385 874 altissimus,
400 812 445 880 qui
456 818 554 863 cuncta
564 813 656 864 creavi
666 826 701 864 er
709 809 810 874 nihilo,
824 825 867 862 mc
889 812 896 820 “

72 890 180 944 bonrini
195 899 310 960 propter
327 901 355 946 ta
375 893 516 947 humiliter
532 894 655 962 subjecit
688 896 789 948 Factus
808 911 868 946 sum

5 977 7 1042 †
73 978 197 1028 omnium
211 975 377 1030 humillimus
394 986 422 1030 et
434 980 557 1043 infimus,
576 984 608 1030 ut
619 984 696 1030 tuam
711 979 868 1048 superbiam

5 1097 7 1102 ·
71 1076 137 1113 mea
146 1059 301 1115 humilitate
310 1064 443 1116 vinceres.
462 1065 547 1116 Disce
558 1063 758 1130 obtemperare,
769 1063 866 1130 pulvis.
913 1099 916 1110 .
968 1029 988 1113 ι’

5 1155 6 1202 3
71 1145 160 1198 Disce
170 1151 199 1198 te
208 1144 445 1210 bumssiare,tcrre
454 1155 482 1200 et
491 1148 582 1211 limus,
593 1153 622 1200 et
630 1147 680 1199 sub
692 1148 812 1198 omnium
820 1162 868 1214 pe·
923 1137 926 1141 ’

5 1243 7 1246 ·
73 1229 156 1282 dibus
169 1231 324 1284 incurvare.
357 1232 442 1284 Disce
457 1232 614 1284 voluntates
623 1239 687 1284 trias
696 1230 825 1299 frangere
841 1237 869 1286 ct

73 1314 110 1364 ad
121 1329 231 1366 omnem
240 1316 439 1384 subjectionem
448 1322 476 1368 te
486 1315 562 1368 dare.
724 1305 727 1314 ’

125 1397 151 1450 3.
169 1372 327 1452 llxurdcsce
342 1401 438 1452 contra
452 1406 495 1464 te,
511 1416 561 1452 nec
571 1401 686 1468 patiaris
695 1407 832 1452 tumorem
841 1402 870 1452 in

73 1488 102 1534 te
117 1483 225 1547 vivore,
240 1484 291 1536 sed
304 1485 345 1536 ita
358 1485 511 1553 subJ'ectum
526 1491 554 1538 et
562 1486 706 1553 parvulum
719 1492 747 1538 te
761 1483 868 1549 exhibe,
895 1535 897 1547 ,

73 1571 106 1618 ut
121 1581 217 1619 omncs
232 1573 356 1634 superte
370 1569 511 1622 ambulare
526 1572 634 1637 possint
652 1577 680 1623 et
698 1573 769 1623 sicut
782 1571 869 1622 lutum

73 1651 231 1718 platearum
250 1653 421 1704 conculcare.
458 1654 530 1715 Quid
549 1652 649 1719 habes,
668 1653 751 1706 homo
770 1656 869 1718 inanis,

74 1732 225 1802 conqueri?
261 1735 347 1798 Quid,
362 1725 475 1789 sordide
484 1743 627 1804 peccator,
641 1745 721 1805 potes
732 1739 869 1791 contradi-

74 1834 139 1870 cere
154 1819 384 1886 exprobrantibus
398 1820 462 1882 tibi,
477 1823 525 1887 qui
533 1823 617 1882 toties
627 1823 717 1873 Deum
727 1821 868 1874 offendisti

73 1911 103 1954 et
118 1901 259 1955 infernum
275 1903 418 1954 multoties
436 1901 577 1956 meruistil
612 1901 667 1956 Sed
681 1907 805 1971 pepercit
817 1906 869 1957 tibi

73 1987 172 2040 oculus
182 2002 273 2050 meus,
289 1988 355 2054 quia
362 1988 487 2054 pretiosa
496 1987 551 2038 fuit
559 1989 651 2038 anirna
660 1990 745 2040 tuaiu
755 2003 869 2055 conspe·

11 2119 14 2126 .
72 2077 203 2134 emmau,
213 2077 244 2122 ut
254 2086 438 2138 cognosceres
448 2071 625 2124 dilectionem
635 2085 723 2123 meam
736 2077 763 2124 et
772 2078 868 2140 gratus

71 2169 184 2221 semper
192 2154 334 2206 beneficiis
343 2156 412 2207 meis
423 2157 568 2218 existeres,
580 2162 608 2210 ct
616 2161 648 2206 ut
657 2155 693 2206 ad
702 2170 795 2208 voram
805 2157 867 2208 sub·

67 2240 223 2306 jectionem*
237 2244 266 2290 et
278 2237 461 2292 humilitatem
474 2246 501 2292 tc
508 2241 614 2308 jugiter
628 2239 709 2292 dares
718 2241 866 2310 patienter·

72 2337 126 2391 que
136 2323 278 2390 proprium
289 2328 455 2375 contemtum
465 2324 562 2376 ferres.

372 2585 566 2613 -ψ-
